3146 5023
482 362 576 413 3¹8

532 468 654 526 uasi
679 470 752 526 de
778 472 945 542 parte
980 469 1083 527 Dei
1121 485 1239 527 non
1281 475 1389 540 est,
1423 470 1670 527 immun-

531 558 629 598 um
654 542 966 613 appellant.

560 619 593 669 6
623 616 704 670 Ds
724 631 883 669 usus
908 629 1374 683 coen-AtioMBUS,
1404 633 1672 674 1rsntma-

489 702 596 748 Qus
626 703 868 742 omoms.
902 714 969 727 --
998 687 1076 740 Ex
1099 700 1166 740 eo
1196 690 1389 742 autem
1411 689 1563 758 quod
1588 688 1671 745 di·

488 764 643 815 ctum
670 762 757 814 est
788 772 802 812 ι
835 759 914 811 De
943 757 1103 812 corde
1133 763 1335 814 exeunt
1372 763 1671 829 coqitatio-

486 845 580 885 nes
626 831 805 896 malae,
852 834 988 896 etc.,
1042 827 1333 898 colligitur
1372 832 1528 902 quod
1561 831 1671 889 etsi

484 899 749 956 diabolus
787 900 1017 971 quando
1065 916 1134 957 ue
1163 899 1425 959 immittit
1448 902 1670 960 homini

483 970 892 1043 cogitationem
935 973 1096 1043 mai,
1136 972 1545 1043 cogitationem
1588 980 1672 1033 ta·

483 1059 616 1100 men
651 1044 864 1100 malam
917 1058 1034 1100 non
1083 1048 1274 1115 potest
1327 1044 1665 1119 immittere,

482 1131 610 1186 quae
639 1116 793 1172 mala
823 1115 890 1171 fit
916 1118 1142 1171 tantum
1170 1132 1276 1187 per
1296 1133 1667 1190 consensum,

485 1187 582 1259 qui
616 1187 793 1244 estin
820 1187 1011 1244 corde.
1047 1187 1228 1256 Unde,
1261 1191 1493 1260 quando
1523 1191 1666 1247 dici-

480 1266 576 1316 tur
601 1277 616 1316 ι
654 1262 788 1318 Cum
809 1261 1054 1315 misisset
1084 1260 1342 1318 diabolus
1372 1263 1435 1317 in
1459 1278 1550 1318 cor
1577 1266 1674 1318 Ju-

484 1333 587 1401 dae,
619 1336 760 1400 etc.;
784 1330 917 1387 etin
943 1330 1244 1389 Psalmista
1268 1336 1674 1389 :immissiones

478 1421 583 1476 per
598 1404 841 1472 Anqelos
867 1403 1063 1467 malos,
1086 1401 1367 1461 immissio
1389 1403 1673 1477 accipitur

487 1491 593 1548 pro
615 1474 983 1556 suggestione
1001 1491 1014 1529 ε
1032 1473 1200 1530 aliter
1218 1473 1372 1532 enim
1392 1492 1509 1535 non
1530 1481 1671 1547 pot-

483 1551 571 1604 est
590 1546 749 1603 illabi
774 1545 1000 1602 animae.
1030 1545 1136 1601 Ubi
1159 1545 1240 1604 ait
1262 1550 1628 1617 Hieronymus
1648 1566 1667 1603 ε

483 1641 513 1672 ιε
534 1620 613 1674 Ex
634 1621 743 1675 hac
769 1616 1058 1674 sententia
1081 1618 1365 1689 arguendi
1391 1625 1547 1687 sunt,
1566 1618 1666 1690 qui

482 1689 860 1762 cogitationes
878 1704 913 1745 a
931 1688 1157 1746 diabolo
1173 1688 1403 1747 immitti
1423 1694 1632 1761 putant
1649 1707 1663 1760 ;

484 1765 543 1818 et
564 1779 680 1819 non
699 1777 766 1818 ex
786 1759 1020 1832 propria
1034 1760 1192 1816 nasci
1208 1760 1522 1819 voluntate.
1540 1762 1671 1820 Dia-

481 1833 647 1890 bolus
699 1832 947 1903 adjutor,
987 1835 1045 1887 et
1080 1831 1348 1888 incensor
1384 1831 1669 1890 malarum

481 1903 899 1975 cogitationum
945 1918 1074 1958 esse
1111 1908 1326 1985 potest.
1379 1904 1437 1961 Si
1474 1910 1670 1962 autem

481 1991 730 2049 semper,
751 1971 982 2030 insidiis
1002 1973 1224 2045 positis,
1244 1975 1428 2032 levem
1449 1975 1668 2047 cogita-

478 2047 704 2104 tionum
736 2049 1065 2103 nostrarum
1095 2045 1403 2104 scintillam
1432 2047 1551 2104 suis
1577 2049 1669 2104 fo-

483 2118 720 2177 mitibus
756 2117 1098 2188 inssammat,
1126 2134 1243 2174 non
1277 2119 1553 2176 debemus
1580 2123 1669 2176 ta-

484 2208 617 2249 men
638 2188 863 2263 opinari
883 2206 1014 2246 eum
1035 2190 1223 2247 cordis
1239 2208 1349 2262 quo
1393 2206 1466 2248 ue
1482 2191 1669 2248 occul·

481 2267 542 2321 ta
576 2261 816 2331 rimari3
860 2261 961 2317 sed
990 2278 1057 2318 ex
1090 2262 1346 2344 corporis
1427 2262 1585 2318 abitu
1612 2265 1672 2319 et

483 2334 741 2407 gestibus
770 2333 1076 2402 aestimare,
1105 2335 1241 2404 quid
1271 2349 1563 2390 versemus
1588 2333 1673 2389 in-

479 2405 788 2461 trinsecuS.
822 2404 902 2471 Si,
932 2404 1334 2475 verbi·gratia,
1367 2405 1668 2475 pulchram

479 2475 781 2534 mulierem
802 2489 910 2532 nos
925 2475 1127 2531 crebro
1146 2474 1354 2533 viderit
1377 2475 1662 2548 aspicere3

477 2546 750 2618 intelligit
789 2562 889 2603 cor
915 2546 1133 2603 amoris
1163 2547 1357 2619 jaculo
1393 2548 1667 2605 vulnera-

477 2625 601 2677 tum
618 2636 810 2676 esse.»
829 2618 993 2675 Unde
1013 2623 1068 2675 et
1094 2621 1450 2689 Auqustinus
1482 2643 1495 2676 ε
1520 2639 1548 2673 «
1571 2623 1665 2675 In-

477 2697 672 2749 ternas
709 2690 916 2748 animae
955 2689 1331 2762 cogitationes
1369 2690 1665 2748 diabolum

477 2780 597 2820 non
623 2763 816 2821 videre
839 2761 980 2818 certi
1005 2778 1231 2831 sumus;
1266 2762 1369 2819 sed
1399 2779 1498 2818 eas
1534 2778 1660 2818 mo-

471 2834 625 2892 tibus
653 2832 911 2906 corporis
932 2837 988 2889 et
1013 2834 1384 2890 affectionum
1406 2832 1660 2903 indiciis,

474 2908 548 2964 ab
576 2906 676 2963 illo
701 2905 889 2976 colligi
908 2905 1298 2979 experimento
1328 2903 1659 2961 didicimus.

476 2980 709 3036 Secreta
737 2984 930 3036 autem
961 2977 1149 3034 cordis
1185 2977 1341 3034 solus
1374 2976 1532 3033 novit
1564 2976 1664 3033 ille

479 3050 553 3106 ad
584 3067 757 3122 quem
784 3049 993 3106 dicitur
1024 3066 1038 3104 ε
1071 3052 1152 3105 Tu
1179 3051 1329 3105 solus
1368 3050 1520 3104 nosti
1550 3064 1666 3103 eor-

478 3122 554 3177 da
573 3125 818 3192 filiorum
834 3124 1115 3177 hominum
1140 3139 1159 3177 .·
1188 3141 1217 3174 »
1245 3122 1367 3177 haec
1393 3120 1667 3188 Auqusti-

475 3209 600 3249 nus,
631 3193 785 3249 Solet
814 3192 1022 3264 quippe
1049 3192 1661 3262 diaboluS,antequam

474 3262 689 3331 veniat,
720 3263 1070 3334 praemittere
1090 3262 1177 3319 sui
1205 3265 1490 3319 adventus
1520 3278 1665 3332 prae-

478 3348 788 3402 cursorem,
820 3334 1035 3390 scilicet
1060 3334 1193 3390 mali
1218 3333 1656 3406 cogitationem3

479 3419 671 3475 quam,
701 3404 747 3459 si
771 3403 900 3474 quis
924 3404 985 3459 in
1011 3405 1181 3460 corde
1211 3409 1532 3477 susceptam
1563 3419 1665 3459 nu-

478 3474 699 3547 trierit,
723 3473 984 3531 diabolus
1007 3474 1068 3530 in
1090 3476 1262 3531 corde
1289 3492 1392 3531 suo
1420 3473 1662 3531 habita-

480 3547 672 3605 culum
694 3544 1057 3619 praeparavit.
1094 3548 1162 3601 Et
1186 3545 1442 3617 quamvis
1470 3546 1664 3602 diabo-

478 3620 568 3676 lus
606 3619 951 3692 quandoque
987 3616 1059 3674 sit
1084 3617 1312 3689 adjutor
1338 3621 1395 3673 et
1433 3617 1660 3674 occasio

477 3692 761 3749 malarum
797 3688 1225 3772 cogitationum,
1256 3692 1512 3746 attamen
1541 3704 1660 3745 non

479 3762 755 3833 omnium,
786 3778 920 3835 quia
953 3760 1295 3835 quandoque
1372 3761 1662 3818 rocedunt

483 3851 551 3892 ex
568 3834 735 3894 nobis
755 3836 999 3891 tantum.
1020 3834 1177 3892 Unde
1201 3832 1312 3891 aiti
1357 3849 1448 3890 em
1468 3833 1662 3901 Anqu-

475 3910 657 3964 stinus
685 3927 701 3963 ε
740 3929 766 3959 ιι
797 3908 917 3963 Non
941 3922 1141 3963 omnes
1168 3906 1336 3962 malae
1363 3904 1662 3975 cogitatio-

476 3995 580 4036 nes
625 3984 837 4036 nostrae
866 3994 901 4035 a
943 3978 1155 4036 diaboli
1188 3976 1476 4033 ,instinctu
1504 3974 1657 4032 exci-

473 4054 691 4123 tantur,
724 4051 825 4106 sed
855 4050 1156 4122 aliquoties
1196 4066 1262 4106 ex
1292 4048 1474 4105 nostri
1506 4046 1656 4104 arbi-

473 4122 568 4177 trii
604 4128 759 4179 motu
788 4126 1119 4194 emergunt3
1150 4123 1313 4178 bonae
1341 4125 1532 4177 autem
1553 4136 1653 4176 co-

1138 361 1361 414 PRIMAE
1416 363 1652 417 PARTIS
1709 364 1915 417 CAPUT
1971 363 2306 417 LXXXVIII

1777 472 2031 529 tionibus
2056 472 2222 529 malis
2251 472 2636 529 resistendum
2672 474 2769 544 sit,
2798 477 2975 534 docet
3071 490 3072 511 ³

1770 546 2090 609 Anselmus,
2122 543 2352 599 dicens:
2381 566 2408 595 «
2440 545 2741 615 Quomodo
2770 553 2973 605 autem

1770 632 2007 688 pravam
2035 616 2415 686 voluntatem,
2443 620 2542 672 aut
2568 618 2782 675 malam
2817 619 2975 689 cogi-

1771 688 2051 745 tationem
2076 703 2111 743 a
2140 686 2305 743 vobis
2334 687 2665 756 excludati8‚
2695 690 2813 746 hoc
2833 707 2976 762 par-

1770 777 1904 817 vum
1934 757 2243 815 consilium
2269 759 2424 829 quod
2442 758 2605 815 vobis
2629 760 2724 828 do,
2747 760 2974 820 intelli-

1770 833 1889 904 gite
1908 836 1965 887 et
1988 836 2201 888 tenete.
2225 830 2413 889 Nolite
2432 829 2658 901 litigare
2682 848 2815 890 cum
2845 849 2978 905 per-

1770 905 1952 960 versis
1979 902 2444 974 cogitationibuS,
2461 904 2550 963 vel
2572 920 2700 960 cum
2724 920 2978 976 perver-

1771 992 1836 1032 sa
1862 976 2189 1043 voluntate3
2229 975 2350 1043 sed,
2384 991 2513 1030 cum
2543 974 2707 1031 vobis
2735 975 2977 1034 infestas

1770 1052 1921 1117 sunt,
1954 1046 2150 1119 aliqua
2187 1045 2313 1102 utili
2345 1045 2695 1118 cogitatione
2756 1052 2822 1103 et
2869 1066 2973 1105 vo-

1769 1119 1988 1176 luntate
2018 1122 2270 1177 mentem
2319 1123 2591 1187 vestram,
2633 1118 2826 1175 donec
2854 1119 2974 1177 illae

1772 1195 2138 1259 evanescant,
2170 1189 2397 1245 fortiter
2443 1194 2735 1261 occupate.
2784 1193 2973 1250 Num-

1773 1278 1944 1334 quam
1966 1262 2119 1318 enim
2141 1260 2444 1332 expellitur
2461 1261 2730 1345 cogitatio
2752 1263 2848 1319 vel
2875 1280 2979 1320 vo-

1772 1335 1981 1402 luntaS,
2022 1333 2131 1389 nisi
2167 1331 2281 1389 alia
2319 1331 2819 1403 cogitatione,.vel
2853 1334 2978 1393 alia

1770 1407 2086 1473 voluntate,
2116 1421 2244 1476 quae
2264 1403 2349 1459 illi
2371 1420 2488 1460 non
2510 1405 2851 1463 concordat.
2875 1407 2975 1463 Sic

1772 1493 1909 1550 ergo
1941 1493 2040 1533 vos
2068 1477 2277 1532 habete
2297 1475 2372 1532 ad
2401 1473 2637 1533 inutiles
2658 1476 2978 1548 cogitatio-

1771 1565 1896 1617 neS,
1915 1554 1981 1607 ut
1999 1552 2120 1604 toto
2135 1549 2263 1604 nisu
2284 1546 2638 1605 intendendo
2658 1548 2733 1604 ad
2757 1548 2973 1615 utiles»,
3071 1554 3072 1557 ’

1771 1635 1936 1676 mens
1985 1624 2178 1677 vestra
2226 1619 2574 1701 dedignetur
2620 1635 2722 1676 eas
2752 1621 2978 1678 saltem

1771 1691 2087 1760 recordari,
2133 1689 2224 1747 vel
2270 1706 2551 1762 aspicere.
2580 1692 2722 1748 Cum
2759 1694 2981 1753 autem

1771 1762 1945 1820 vultis
1988 1778 2178 1831 orare,
2210 1767 2311 1818 aut
2347 1763 2407 1819 in
2439 1761 2695 1835 aliquam
2740 1763 2982 1821 bonam

1771 1834 2207 1890 meditationem
2244 1833 2571 1907 intendere,
2603 1835 2653 1890 si
2690 1837 2838 1890 tunc
2865 1851 2982 1893 vo-

1770 1904 2003 1978 bisipsis
2026 1905 2373 1977 importunae
2400 1910 2531 1962 sunt
2552 1905 2981 1978 cogitationes,

1770 1993 1918 2049 quas
1934 1993 2053 2033 non
2070 1977 2292 2034 debetis
2307 1976 2616 2049 suscipere,
2638 1993 2980 2049 numquam

1768 2053 2010 2122 propter
2038 2048 2271 2106 illarum
2301 2048 2823 2119 importunitatem,
2863 2050 2981 2111 bo-

1771 2136 1934 2191 num,
1968 2120 2125 2205 quod
2149 2120 2456 2193 incepistis,
2484 2119 2671 2176 velitis
2699 2119 2981 2178 dimitte-

1772 2207 1866 2261 re;
1896 2207 1969 2247 ne
1992 2195 2298 2262 mstlgator
2315 2206 2514 2247 earum
2533 2191 2805 2248 diabolus
2824 2208 2982 2263 gau-

1772 2263 1928 2333 deat,
1941 2261 2073 2333 quia
2091 2278 2189 2317 vos
2202 2262 2273 2317 ab
2290 2261 2515 2332 incepto
2527 2262 2664 2318 facit
2677 2262 2947 2321 deficere
2962 2282 2978 2333 ;

1772 2335 1874 2390 sed
1906 2349 1972 2389 eo
2002 2348 2172 2403 quem
2194 2331 2308 2389 dixi
2342 2332 2512 2387 modo
2541 2331 2673 2388 illas
2698 2340 2980 2392 contem·=

1769 2404 1984 2471 nend0,
2016 2419 2114 2459 eas
2141 2407 2438 2474 superate;
2463 2418 2656 2484 neque
2686 2403 2980 2476 doleatIS,

1768 2492 1875 2533 nec
1890 2473 2196 2532 tristemini
2215 2475 2288 2531 de
2305 2473 2535 2531 illarum
2561 2474 2984 2550 infestatione,

1770 2548 2049 2677 guamdiu
2072 2547 2223 2616 illaS,
2256 2545 2400 2603 sicut
2428 2546 2566 2616 dixi,
2587 2552 2986 2608 contemnen-
3071 2581 3072 2608 l

1813 2638 1845 2677 o
1876 2620 2098 2678 nullum
2128 2618 2211 2675 eis
2239 2634 2534 2675 assensum
2560 2619 2863 2690 praebetiS,
2900 2639 2988 2679 ne
3071 2635 3072 2676 1

1767 2691 2074 2748 occasione
2130 2689 2403 2760 tristitiae,
2460 2688 2667 2747 iterum
2713 2692 2992 2756 redeant

1767 2763 1843 2819 ad
1880 2760 2243 2831 memoriam,
2275 2768 2374 2818 aut
2411 2777 2575 2818 suam
2608 2760 2987 2831 importuni·

1766 2838 1947 2890 tatem
1997 2836 2363 2890 resuscitent.
2400 2834 2558 2891 Hanc
2583 2831 2738 2888 enim
2778 2833 2985 2896 habet

1766 2921 1936 2963 mens
1958 2904 2214 2961 hominis
2242 2903 2732 2971 consuetudinem,
2754 2910 2827 2960 ut
2851 2907 2983 2964 hoc

1765 2978 1920 3034 unde
1954 2977 2273 3033 delectatur
2312 2980 2410 3033 aut
2438 2975 2820 3031 contristatur
2850 2992 2980 3034 sae·

1766 3051 1895 3120 pius
1924 3050 1999 3105 ad
2029 3048 2367 3104 memoriam
2395 3047 2615 3116 redeat,
2640 3062 2817 3118 quam
2847 3048 2977 3106 hoc

1769 3120 1924 3191 quod
1951 3119 2360 3192 negligendum
2388 3118 2565 3175 sentit
2580 3124 2678 3175 aut
2705 3119 2970 3189 cogitat.

1767 3191 2045 3248 Similiter
2073 3208 2134 3247 se
2173 3192 2345 3248 debet
2365 3191 2581 3247 habere
2613 3205 2874 3261 persona
2901 3191 2972 3248 in

1765 3263 1914 3319 facto
1985 3262 2240 3333 roposito
2280 3261 2560 3326 studiosa,
2593 3260 2653 3316 in
2693 3261 2973 3333 quolibet

1766 3339 1925 3390 motu
1973 3333 2238 3389 ndecenti
2269 3333 2327 3389 in
2350 3348 2590 3405 corpore
2613 3332 2700 3387 vel
2732 3332 2971 3417 anima,

1766 3404 1933 3461 sicuti
1978 3409 2064 3460 est
2094 3404 2360 3460 stimulus
2399 3403 2609 3473 carniS,
2645 3403 2769 3472 irae,
2805 3405 2979 3461 invl-
3055 3425 3072 3446 ι

1765 3476 1896 3544 diae,
1931 3475 2021 3531 vel
2060 3474 2248 3531 inanis
2286 3476 2508 3545 gloriae.
2544 3478 2700 3532 Tunc
2735 3477 2977 3533 etenim

1762 3545 2034 3603 facillime
2063 3545 2525 3617 exstinguuntur,
2566 3562 2695 3603 cum
2737 3552 2798 3602 et
2828 3546 2981 3606 illos

1762 3617 1908 3674 velle
1950 3616 2186 3686 sentire,
2224 3622 2325 3674 aut
2375 3618 2447 3674 de
2501 3616 2615 3674 illis
2668 3617 2978 3692 cogitare,

1761 3688 1850 3746 vel
1884 3687 2024 3761 quid
2049 3704 2249 3746 eorum
2278 3688 2546 3746 suasione
2567 3689 2762 3745 facere
2797 3690 2983 3747 dedi-

1762 3775 2040 3833 gnamur3
2067 3777 2255 3834 neque
2280 3760 2531 3817 timeatis
2557 3761 2715 3831 quod
2747 3761 2976 3834 hujus-

1763 3832 1987 3890 cemodi
2025 3837 2235 3902 motus,
2266 3833 2354 3888 vel
2381 3831 2759 3903 cogitationes
2794 3834 2979 3891 vobis

1761 3905 1835 3963 ad
1865 3908 2167 3978 peccatum
2199 3903 2581 3977 imputentur,
2611 3904 2661 3959 si
2694 3904 2978 3962 nullate-

1760 3993 1870 4032 nus
1888 3977 2149 4032 voluntas
2163 3984 2354 4032 vestra
2372 3975 2487 4031 illis
2506 3968 2788 4043 associat}
2812 3992 2979 4047 quo·
3071 4029 3072 4032 ,

1761 4047 1916 4104 niam
1939 4046 2213 4119 scriptum
2236 4053 2350 4104 est:
2379 4048 2538 4107 Nihil
2565 4046 2977 4105 damnationis

1759 4124 1840 4175 est
1858 4122 1966 4188 his,
1981 4123 2080 4190 qui
2098 4122 2301 4175 suntin
2320 4120 2533 4177 Christo
2548 4120 2696 4188 Jesu,
2716 4121 2824 4189 qui
2850 4136 2978 4177 non

1756 4192 2056 4248 secundum
2101 4207 2318 4248 carnem
2367 4191 2677 4245 ambulant.
2727 4192 2973 4248 Secun-

1747 4280 1899 4320 num
1927 4278 2158 4320 carnem
2193 4262 2348 4320 enim
2379 4261 2676 4319 ambulare
2705 4266 2797 4317 est
2833 4278 2978 4321 ear·

1759 4334 1852 4392 nis
1861 4334 2138 4392 voluntati
2158 4336 2305 4392 bene
2316 4333 2692 4392 concordare.
2707 4333 2981 4394 Carnem

474 4194 777 4264 gitationes
808 4209 1034 4266 semper
1061 4209 1096 4250 a
1126 4196 1241 4250 Deo
1277 4197 1426 4249 sunt.
1464 4212 1492 4246 »

546 4289 575 4337 7
605 4268 872 4334 Quouono
899 4282 1341 4326 comnmomeus
1372 4281 1531 4326 mus
1559 4281 1655 4319 ne-

473 4351 790 4395 msi-armna.
820 4367 889 4379 ---
921 4337 1177 4405 Qualiter
1218 4341 1410 4393 autem
1435 4334 1654 4409 cogita-
