3146 5023
812 424 892 477 DE
947 420 1306 476 ΡΑΤῙΕΝΤΙἈ
1361 423 1427 474 IN
1478 423 1812 478 Anvssnsls

254 532 576 597 materiam.
615 530 1008 601 respondeatis
1066 527 1429 602 interrogan-

251 608 425 674 tibus»,
457 605 544 661 vel
574 604 885 673 loquamini
929 602 1144 656 discere
1190 602 1429 670 volenti-

253 679 384 746 bus;
439 677 671 732 dabitur
719 676 866 729 enim
915 672 1087 734 vobis,
1141 670 1354 728 scilicet
1398 688 1431 727 a

250 751 420 806 Patre
442 748 747 809 luminum,
779 747 840 799 in
877 746 982 799 illa
1030 744 1183 811 hora,
1219 742 1430 798 scilicet

250 821 320 877 ad
367 817 837 889 respondendum
890 820 1228 895 opportuna,
1295 814 1434 884 quid

248 892 584 961 loquamini,
635 888 692 944 id
740 894 825 941 est
877 890 934 942 et
980 886 1343 952 sapientiam·
1375 886 1435 940 in

246 965 463 1025 mente,
505 967 565 1015 et
615 958 1001 1029 eloquentiam
1043 954 1101 1012 in
1151 972 1271 1011 ore.
1312 957 1433 1011 Non

246 1030 560 1089 confidatis
615 1030 685 1085 de
735 1027 972 1084 scientia
998 1033 1182 1083 vestra
1213 1032 1270 1082 et
1318 1027 1435 1082 elo-

245 1103 509 1175 quentia,
543 1101 643 1156 sed
689 1101 757 1155 de
811 1098 1004 1154 divina
1094 1098 1433 1165 rovidentia‚

244 1176 381 1246 quia
440 1173 685 1245 Spiritus
736 1171 974 1226 Sanctus
1082 1169 1270 1223 ocebit
1334 1184 1435 1223 vos

246 1251 414 1313 tunc,
441 1249 500 1300 et
529 1243 652 1299 sine
706 1240 1193 1311 praemeditatione
1223 1246 1435 1308 vestra,

249 1317 392 1387 quid
424 1315 579 1387 loqui
609 1319 890 1382 oporteat.
921 1314 1044 1370 Non
1069 1313 1214 1366 enim
1236 1326 1330 1366 vos
1363 1326 1440 1365 es-

248 1389 323 1444 tis
352 1389 461 1457 qui
490 1386 806 1454 loquimini,
839 1383 897 1437 id
933 1388 1038 1450 est,
1073 1398 1189 1437 non
1224 1399 1289 1437 ex
1317 1381 1436 1438 solo

245 1457 492 1530 ingenio
537 1460 725 1510 vestro
775 1453 1089 1523 procedunt
1133 1453 1306 1509 verba
1345 1469 1437 1508 ve-

243 1535 399 1598 stra,
431 1526 526 1582 sed
561 1543 625 1581 ex
663 1524 906 1595 Spiritus
930 1526 1113 1595 gratia
1143 1547 1155 1579 ι
1193 1526 1440 1593 Spiritus

243 1599 413 1657 enim
438 1600 620 1654 Patris
649 1598 818 1652 vestri
849 1600 939 1651 est
980 1598 1080 1665 qui
1107 1597 1353 1665 loquitur
1380 1598 1442 1650 in

245 1671 433 1737 vobiS,
468 1674 531 1724 ut
559 1667 617 1723 in
649 1667 904 1738 organis;
937 1666 1071 1736 quia
1097 1666 1240 1721 sicut
1271 1681 1437 1736 orga-

246 1757 322 1798 na
351 1741 596 1797 mittunt
648 1738 1092 1794 modulationem
1122 1737 1193 1792 ad
1225 1742 1441 1792 motum

247 1811 655 1883 temperantiS‚
683 1810 763 1864 sic
798 1809 1008 1864 bonum
1042 1809 1192 1879 quod
1233 1809 1439 1878 praedi-

246 1890 415 1939 cator
452 1881 731 1952 loquitur,
771 1881 841 1934 ad
873 1880 1226 1934 voluntatem
1261 1879 1440 1934 Patris

245 1953 610 2024 inspirantis
654 1951 763 2008 Per
810 1950 917 2006 hoc
947 1957 1159 2015 autem,
1203 1954 1265 2004 ut
1306 1948 1441 2004 dicit

245 2026 699 2093 chrysostomus,
740 2021 811 2076 ad
870 2023 1282 2090 Prophetarum
1344 2035 1441 2075 eos

244 2094 596 2167 dignitatem
654 2092 900 2157 reduxit,
939 2091 1038 2161 qui
1085 2092 1302 2145 scilicet
1341 2093 1443 2145 Dei

242 2167 478 2239 Spiritu
505 2169 638 2219 sunt
676 2164 862 2218 locuti.
897 2164 1055 2218 Unde
1098 2163 1390 2229 Greqorius
1422 2180 1439 2215 :

246 2256 275 2291 «
308 2239 397 2292 Ac
427 2237 477 2291 si
518 2235 790 2290 membris
847 2234 962 2289 suis
1021 2233 1442 2288 infirmantibus

242 2309 406 2365 dicat
449 2326 467 2361 :
507 2307 695 2361 Nolite
732 2306 1153 2373 pertimescere,
1215 2319 1312 2359 vos
1370 2303 1440 2358 ad

242 2387 551 2436 certamen
567 2374 958 2443 accediti3‚sed
978 2390 1083 2446 ego
1107 2374 1408 2445 praeliabor
1419 2391 1437 2443 ;

241 2466 346 2506 vos
377 2449 560 2504 verba
597 2448 782 2513 editis,
806 2446 1038 2518 sedego
1067 2462 1192 2501 sum
1224 2446 1321 2517 qui
1354 2446 1439 2500 lo-

243 2537 420 2594 quor.
449 2540 479 2570 »
514 2517 665 2575 Hinc
696 2519 900 2574 Paulus
928 2520 1009 2573 ait
1038 2536 1050 2574 :
1085 2519 1177 2574 An
1215 2519 1443 2585 experi-

240 2597 496 2649 mentum
524 2593 775 2659 quaeritis
804 2589 922 2657 ejus
951 2591 1050 2659 qui
1073 2591 1132 2643 in
1157 2605 1240 2643 me
1267 2590 1443 2659 loqui-

246 2669 344 2721 tur
379 2663 642 2719 Christus
664 2664 692 2716 P
721 2661 914 2716 Securi
946 2676 1082 2731 ergo
1110 2658 1269 2715 ibant
1288 2674 1435 2730 quo·

243 2749 504 2802 cumque
564 2732 940 2788 ducebantur.
991 2732 1230 2786 Securus
1284 2733 1435 2786 enim

244 2806 318 2862 ad
369 2802 642 2874 praelium
694 2802 868 2871 vadit,
904 2803 1002 2873 qui
1033 2803 1237 2858 talibus
1266 2803 1438 2857 armis

246 2882 304 2932 et
330 2875 442 2930 sub
469 2874 571 2929 tali
619 2875 873 2943 principe
913 2879 1161 2943 pugnat;
1200 2889 1437 2928 securus

245 2947 322 3003 ad
356 2945 669 3000 concilium
701 2945 904 3015 pergit,
938 2943 1036 3014 qui
1063 2943 1160 2998 tali
1186 2946 1441 3012 prolocu-

244 3022 380 3073 tore
416 3031 649 3070 causam
675 3031 833 3071 suam
868 3015 1138 3070 defendit.
1175 3016 1331 3071 Unde
1358 3014 1440 3070 ait

248 3089 676 3156 chrysostomus
706 3107 722 3141 :
752 3105 780 3138 «
814 3086 946 3142 Cum
992 3091 1172 3140 autem
1220 3086 1440 3140 tradent

246 3174 371 3226 vos,
404 3159 577 3212 nolite
603 3159 831 3211 solliciti
874 3172 986 3212 esse
1030 3157 1296 3226 quomodo
1341 3162 1439 3212 aut

290 3229 402 3286 uid
432 3230 777 3298 loquamini3
811 3244 938 3282 mea
965 3233 1049 3283 est
1068 3229 1220 3282 enim
1247 3244 1435 3284 causa.

275 3301 390 3356 deo
428 3314 530 3354 vos
570 3298 711 3353 mibi
739 3299 1132 3354 tantummodo
1176 3315 1442 3368 personas

244 3374 546 3442 praestate,
583 3376 640 3424 et
672 3386 777 3441 ego
812 3370 970 3425 vobis
999 3385 1223 3424 sensum
1243 3387 1259 3437 ;
1308 3385 1441 3426 nam

244 3441 564 3499 sollicitum
592 3457 709 3495 esse
743 3447 873 3495 ante
894 3441 1173 3511 judicium
1216 3456 1331 3495 non
1362 3447 1444 3496 est

286 3513 603 3583 raeparatio
637 3510 739 3580 rei,
769 3513 870 3566 sed
907 3512 1095 3582 potius
1127 3512 1442 3580 desperatio

245 3529 324 3640 ge
364 3585 506 3639 Deo,
550 3581 726 3637 Sinite
766 3598 903 3653 ergo
942 3590 1006 3637 ut
1038 3583 1097 3637 in
1137 3598 1307 3638 causa
1344 3599 1446 3638 sua

246 3656 409 3710 Deus
432 3652 704 3722 loquatur
739 3669 838 3722 pro
878 3653 1054 3722 vobIS‚
1092 3654 1190 3724 qui
1229 3655 1441 3710 consci-

252 3725 481 3781 entiam
534 3724 936 3794 interrogantis
991 3725 1266 3796 agnoscit.
1323 3728 1445 3782 Non

251 3797 417 3852 enim
449 3800 537 3848 est
593 3795 852 3864 possibile
879 3801 943 3850 ut
969 3811 1067 3850 rex
1105 3797 1203 3866 qui
1239 3796 1446 3852 milites

252 3881 393 3924 suos
426 3865 600 3919 mittit
623 3867 694 3920 ad
721 3866 951 3934 bellum,
987 3882 1101 3922 non
1134 3874 1359 3936 praestet
1382 3867 1445 3923 il-

252 3937 325 3993 lis
375 3951 540 3991 arma
562 3936 862 3992 adversum
892 3938 1131 3993 hostem.
1166 3937 1273 4005 Qui
1310 3952 1446 4010 ergo

255 4007 543 4087 sollicitus
599 4013 682 4062 est
738 4009 877 4077 quid
929 4008 1216 4079 loquatur,
1246 4011 1303 4065 in
1344 4026 1448 4065 sua

254 4078 546 4149 sapientia
573 4082 781 4148 sperat,
810 4095 937 4149 quae
961 4085 1045 4135 est
1069 4082 1250 4150 prima
1279 4095 1450 4137 causa

254 4151 473 4207 ruinae.
501 4150 643 4205 Nam
673 4150 732 4203 in
765 4151 1246 4219 persecutionibus
1276 4153 1451 4208 virtus

256 4221 364 4276 Dei
410 4235 529 4276 non
580 4221 914 4291 requiritur,
956 4223 1062 4277 nisi
1104 4221 1454 4293 praeeesserit

257 4291 425 4347 fideS.
454 4311 478 4342 n
518 4292 678 4346 Unde
709 4296 765 4346 et
792 4294 1160 4365 Hieronymus
1201 4314 1218 4349 ε
1252 4314 1280 4348 «
1311 4295 1454 4350 Cum

257 4377 421 4436 ergo,
471 4367 705 4432 propter
753 4362 1057 4433 Christum,
1097 4366 1357 4423 ducimur
1382 4364 1455 4422 ad

388 4461 517 4513 Vri-A
548 4461 674 4513 ,ἵκευ
708 4459 928 4526 Cuntsri,
959 4463 1133 4514 Touus
1170 4464 1236 4514 11.

1872 422 2212 477 HABENDA.
2467 472 2472 479 ,
2663 434 2726 486 49

1533 529 1772 600 judices,
1823 530 2173 585 voluntatem
2207 537 2430 588 tantum
2463 542 2722 594 nostram

1541 617 1646 681 pro
1673 600 1892 656 Christo
1913 601 2181 657 debemus
2196 602 2420 660 offerre.
2456 607 2724 665 Ceterum

1541 688 1661 741 lpse
1690 671 1967 742 Christus,
2000 671 2096 743 qui
2150 675 2205 728 in
2264 677 2428 731 nobis
2479 679 2722 750 habitat,

1542 741 1808 814 loquetur
1835 759 1935 813 pro
1966 759 2044 809 se,
2082 751 2138 799 et
2173 745 2411 814 Spiritus
2442 750 2632 805 Sancti
2665 750 2729 806 in

1548 814 1939 884 respondendo
1973 814 2158 884 gratia
2199 818 2654 877 ministrabitur:
2689 841 2720 872 η

1547 886 1668 942 haec
1693 888 2074 953 Hieronymus.
2111 889 2216 942 Per
2245 890 2349 944 hoc
2378 897 2569 946 tamen
2604 907 2723 949 non

1547 956 1788 1012 intendit
1833 957 2129 1012 excludere
2173 959 2597 1018 meditationem
2631 980 2725 1020 re-

1547 1028 1884 1097 spondendi,
1917 1034 1974 1082 et
1999 1028 2147 1082 viam
2179 1032 2505 1098 providendi
2531 1035 2601 1089 de
2633 1051 2727 1092 re-

1546 1099 1917 1169 sponsione‚si
1952 1103 2175 1169 tempus
2194 1106 2251 1155 et
2279 1103 2526 1159 scientiae
2548 1104 2726 1162 facul-

1548 1176 1634 1224 tas
1662 1170 1850 1233 adsit3
1884 1169 1981 1224 sed
2039 1173 2387 1240 promittitur
2429 1172 2735 1248 securitas,

1547 1241 1594 1295 si
1635 1241 1742 1296 isla
1779 1240 2068 1310 deficiant,
2110 1243 2260 1312 quod
2308 1246 2363 1297 et
2404 1243 2731 1314 frequenter

1550 1311 1938 1381 contingebat,
1988 1312 2045 1367 in
2099 1313 2382 1380 primitiva
2433 1316 2730 1374 Ecclesia:

1553 1383 1690 1451 quia
1747 1387 1883 1436 tunc
1933 1397 2080 1451 saepe
2111 1381 2304 1437 fideles
2349 1384 2625 1442 illitterati
2676 1393 2737 1443 et

1552 1452 1836 1521 simplices
1863 1450 2055 1507 subito
2085 1453 2458 1510 trahebantur
2488 1458 2561 1512 ad
2586 1458 2736 1528 judi-

1553 1540 1647 1578 ces
1676 1529 1733 1578 et
1760 1523 2055 1591 Praesides,
2083 1527 2139 1577 et
2161 1525 2305 1579 Deus
2330 1528 2572 1595 providit
2606 1529 2736 1587 illis.

1554 1594 1716 1650 Unde
1743 1610 1858 1650 non
1888 1594 2097 1649 debent
2124 1602 2352 1665 propter
2377 1597 2483 1651 hoc
2502 1606 2737 1655 contur-

1554 1665 1699 1728 bari,
1730 1664 1778 1720 si
1805 1666 1910 1720 ista
1938 1665 2223 1735 deficiant,
2251 1668 2386 1736 quia
2412 1669 2739 1726 hominibus

1553 1735 1623 1791 de
1655 1739 1767 1791 Deo
1789 1735 2203 1791 confidentibus
2226 1738 2464 1806 Spiritus
2498 1742 2738 1798 Sanetus

1554 1822 1669 1862 non
1724 1807 1916 1863 deficit
1955 1807 2012 1861 in
2065 1809 2414 1879 necessitate,
2453 1829 2581 1867 cuin
2621 1829 2737 1869 non

1555 1884 1788 1948 possunt
1842 1879 2010 1934 aliter
2060 1896 2379 1936 occurrere.
2449 1885 2516 1937 Et
2573 1884 2734 1954 item,

1553 1950 1687 2018 quia
1720 1948 1780 2005 in
1818 1951 1916 2004 tali
1947 1966 2078 2003 casu
2114 1951 2324 2007 suflicit
2373 1954 2444 2009 ad
2489 1956 2736 2012 salutem

1553 2020 1809 2075 confiteri
1848 2027 2173 2075 constanter
2189 2025 2243 2076 in
2266 2025 2515 2093 generali
2539 2025 2736 2098 tidem,

1552 2090 1708 2160 quod
1742 2097 1930 2161 potest
1962 2090 2145 2146 facere
2182 2095 2422 2162 quilibet
2456 2096 2734 2150 Christia-

1552 2177 1681 2229 nuS,
1716 2167 2238 2232 quantumcumque
2279 2162 2351 2217 sit
2389 2166 2641 2234 simplex.
2671 2169 2740 2223 Et

1552 2238 1709 2303 patet
1741 2248 1805 2286 ex
1838 2234 2119 2301 praedictis
2145 2236 2297 2302 quod
2331 2250 2443 2289 non
2486 2238 2739 2307 loquitur

1555 2304 1648 2357 hic
1684 2304 1772 2361 ·de
1825 2301 2013 2358 verbis
2087 2305 2490 2373 praedicatoriS.
2557 2309 2738 2365 Debet

1554 2374 1707 2429 enim
1740 2375 2078 2445 praedicator
2104 2378 2261 2432 verbi
2300 2378 2475 2433 divini
2514 2397 2734 2450 praeco-

1552 2446 1734 2518 gitare
1782 2446 2029 2518 qualiter
2079 2448 2281 2503 debeat
2336 2452 2570 2507 verbum
2635 2452 2737 2509 Dei

1554 2533 1870 2587 proponere
1905 2536 1919 2573 :
1961 2519 2127 2573 aliter
2167 2527 2416 2578 tentaret
2457 2525 2658 2591 Deum,
2689 2525 2738 2579 si

1551 2588 1869 2659 negligeret
1906 2590 1974 2644 de
2008 2590 2115 2645 hoc
2146 2591 2416 2661 cogitare,
2455 2595 2591 2649 dum
2646 2601 2734 2649 ta-

1551 2674 1682 2714 men
1705 2662 1774 2714 de
1806 2660 1912 2715 hoc
1943 2667 2162 2730 tempus
2185 2671 2566 2732 opportunum
2602 2681 2734 2736 pos-

1549 2732 1627 2785 sit
1672 2730 1901 2787 habere.
1946 2733 2102 2786 Hanc
2156 2736 2417 2802 prohibet
2463 2736 2734 2792 Dominus

1551 2800 1930 2870 provisionem
1963 2801 2022 2856 in
2061 2804 2335 2873 dicendis,
2377 2811 2640 2860 ornatum
2673 2813 2731 2861 et

1550 2872 1787 2925 nimiam
1839 2871 2298 2942 sollicitudinem,
2352 2891 2449 2942 per
2492 2877 2735 2931 multum

1548 2942 1841 3010 temporiS.
1885 2942 2069 2995 Facile
2121 2951 2204 2995 est
2246 2942 2398 2997 enirn
2437 2945 2736 3001 veritatem

1551 3012 1764 3078 dicere,
1796 3027 1921 3081 quae
1951 3014 2071 3064 sine
2095 3018 2297 3066 ornatu
2326 3015 2646 3084 persuadet,
2674 3018 2732 3070 ut

1551 3080 1863 3150 recipiatur
1899 3081 2124 3150 ubique.

1623 3158 1655 3208 6
1685 3153 2128 3207 Pensscu‘mounu
2156 3171 2454 3211 PATn-:NTUR
2483 3174 2643 3213 anau
2667 3176 2736 3214 AB

1551 3241 1726 3280 Amc1s
1762 3242 1826 3278 ET
1853 3242 2201 3281 PARENTIBUS.
2232 3259 2289 3267 --
2317 3230 2384 3283 Et
2410 3245 2477 3285 ne
2503 3232 2561 3286 in
2583 3230 2737 3286 auxi-

1500 3325 1505 3330 ·
1554 3299 1628 3352 lio
1682 3297 1993 3350 amicorum
2047 3303 2145 3352 aut
2205 3307 2519 3368 parentum.
2555 3305 2739 3358 eonii-

1553 3370 1711 3436 dant,
1767 3368 2059 3448 subjungit
2099 3370 2369 3428 Dominus
2415 3373 2738 3445 graviorem

1553 3443 2025 3510 persecutionem,
2075 3457 2200 3513 quae
2233 3450 2317 3499 est
2356 3445 2427 3500 ab
2457 3448 2653 3502 amicis
2682 3452 2740 3502 et

1556 3511 1902 3581 parentibus,
1941 3512 2104 3578 Quia.
2153 3517 2466 3572 secundum
2536 3519 2737 3585 ἂνθρω-

1553 3584 1721 3650 rium,
1754 3582 1875 3652 plus
1903 3584 1958 3637 in
1999 3585 2160 3640 nobis
2199 3602 2266 3640 ea
2314 3593 2600 3642 tormenta
2630 3603 2739 3641 sae-

1555 3651 1734 3722 viunt,
1771 3669 1900 3723 quae
1929 3653 2001 3709 ab
2032 3656 2140 3710 illis
2177 3655 2440 3726 patimur,
2492 3659 2561 3711 de
2613 3656 2739 3725 qui-

1553 3724 1661 3780 bus
1708 3730 2218 3794 praesumebamus3
2263 3726 2556 3796 quoniam,
2607 3740 2741 3782 cum

1555 3795 1765 3850 damno
1814 3796 2086 3873 corporis,
2130 3798 2277 3850 mala
2327 3812 2429 3851 nos
2483 3795 2745 3851 cruciant

1553 3865 1774 3920 amissae
1819 3866 2090 3919 caritatis.
2135 3868 2294 3920 Unde
2337 3866 2415 3921 ait
2467 3883 2480 3922 ε
2544 3867 2750 3924 Tradet

1559 3939 1740 3990 autem
1802 3936 1982 4000 frater
2031 3938 2285 4004 fratrem,
2333 3943 2495 4006 pater
2539 3938 2741 4009 filium,

1558 4011 1617 4061 et
1653 4005 1799 4059 tilius
1833 4011 2093 4072 parentes
2122 4007 2182 4058 in
2229 4012 2473 4078 mortem,
2525 4008 2744 4064 scilicet

1560 4075 1805 4132 infidelis
1827 4073 2072 4130 fidelem.
2089 4077 2251 4146 Quia,
2281 4083 2339 4133 ut
2361 4081 2440 4133 ait
2468 4081 2746 4148 Hierony-

1559 4161 1703 4214 mus,
1735 4161 1850 4202 non
1885 4152 1971 4201 est
1998 4145 2149 4203 inter
2179 4164 2275 4203 eos
2303 4151 2454 4206 ullus
2482 4150 2629 4205 fidus
2659 4150 2745 4206 at*-

1562 4219 1760 4285 feetuS,
1800 4233 2041 4288 quorum
2091 4220 2310 4276 diversa
2355 4222 2493 4276 [ides
2531 4221 2739 4281 existit.

1565 4289 1720 4371 Unde
1749 4293 1804 4344 et
1835 4290 2251 4363 chrysostomus
2291 4312 2307 4347 ε
2349 4312 2378 4346 «
2417 4296 2589 4350 Nemo
2617 4311 2747 4366 spe-

1565 4368 1655 4418 ret
1687 4377 1745 4417 in
1780 4365 2050 4435 patronis,
2081 4379 2249 4422 nemo
2285 4366 2342 4423 in
2393 4366 2612 4437 amiciS,
2646 4383 2721 4422 au

2596 4466 2629 4517 t
