3146 5023
546 376 624 428 DE
654 358 1055 430 ‘HYDROPICO
1111 340 1187 431 tir
1241 377 1772 436 EXHORTATIONE
1828 381 1912 433 AD
1967 379 2470 435 HUMILITATEM.
2667 380 2757 431 265

307 481 562 539 omnium
588 499 713 553 quae
742 482 916 538 habet
935 488 1303 553 recognoscat
1323 485 1478 542 dato-

306 569 429 627 rem
460 569 584 610 esse
616 556 812 610 Deum.
841 554 988 621 Quid
1011 558 1153 609 enim
1184 556 1368 622 habes,
1396 556 1478 613 in-

308 623 431 696 quit
454 627 500 681 A
542 626 777 694 ostoluS,
799 627 946 694 quod
960 642 1067 682 non
1087 631 1387 697 accepisti?
1409 626 1475 670 —'

309 697 487 753 Secun
531 712 586 765 o,
616 695 875 755 consistit
902 699 960 753 in
989 697 1329 768 dignitatum
1360 699 1479 755 vili-

305 767 602 838 pensione,
621 773 677 824 et
688 769 812 837 haec
826 766 1041 824 inducit
1057 772 1330 826 honorem
1346 772 1445 827 Dei
1461 788 1475 839 ;

303 842 363 894 et
388 839 511 895 haec
536 838 780 895 babetur
810 840 1037 910 quando
1063 840 1235 897 homo
1266 840 1326 896 in
1354 858 1477 898 ma-

301 908 430 980 gnis
465 911 788 979 virtutibuS‚
834 909 999 967 donis
1026 915 1197 983 atque
1243 913 1475 968 honori-

298 979 406 1036 bus
425 981 784 1050 constitutuS,
830 981 967 1038 inde
1013 998 1129 1038 non
1167 983 1474 1054 extollitur,

301 1051 401 1107 sed
417 1055 599 1108 totum
629 1051 974 1110 illiiufundit
1000 1057 1057 1108 et
1077 1053 1364 1126 integrum
1382 1072 1473 1111 re-

293 1121 363 1177 sti
394 1122 518 1185 tuit.
550 1139 584 1179 a
610 1139 721 1194 quo
767 1138 935 1179 omne
964 1125 1181 1180 bonum
1228 1126 1371 1182 fluit.
1409 1159 1472 1168 —-

295 1193 511 1261 Terti0,
538 1193 798 1249 consistit
826 1193 884 1249 in
918 1194 1159 1251 aliorum
1191 1196 1297 1252 sibi
1339 1214 1477 1268 prae-

296 1262 548 1332 latione;
581 1270 636 1320 et
683 1266 807 1321 haec
839 1265 1052 1322 inducit
1102 1267 1343 1338 proximi
1382 1285 1478 1340 ap·

292 1333 714 1406 pretiationem.
759 1337 1049 1402 Quomodo
1083 1354 1310 1394 servare
1350 1344 1476 1412 pot-

294 1404 506 1462 erimus
550 1407 702 1477 quod
736 1406 874 1463 dicit
914 1409 1216 1479 Apostolus
1247 1426 1261 1464 :
1291 1413 1472 1467 Hono·

290 1492 353 1531 re
381 1479 560 1532 invice
606 1481 1021 1549 praevenientes,
1055 1478 1166 1535 nisi
1210 1480 1351 1537 alios
1385 1481 1473 1537 di-

299 1546 532 1617 gniores
574 1548 740 1605 nobis
770 1548 828 1605 in
857 1549 1129 1606 virtutum
1160 1551 1373 1608 meritis
1404 1569 1476 1609 ae-

298 1617 597 1674 stimemus
615 1620 643 1674 ‘2
671 1622 850 1676 Homo
880 1620 1033 1676 enim
1067 1622 1247 1691 illum,
1280 1639 1390 1693 quo
1412 1640 1472 1680 se

293 1688 613 1763 digniorem
645 1690 910 1754 aestimat,
944 1692 1031 1747 vix
1059 1694 1339 1763 honorat;
1372 1696 1471 1752 sed

292 1758 481 1831 potius
516 1760 849 1817 contemnit.
883 1764 1078 1819 Potest
1105 1767 1158 1820 et
1181 1765 1288 1820 hoc
1319 1767 1470 1836 quod

298 1828 512 1886 dictum
543 1837 631 1887 est
654 1833 731 1891 de.
757 1832 1052 1903 dignitate,
1088 1834 1260 1891 etiam
1291 1837 1405 1892 acci
1452 1837 1468 1891 i

292 1900 364 1957 de
412 1902 745 1961 meritorum
802 1905 1269 1977 praesumptione.
1310 1909 1394 1963 Un
1437 1925 1468 1964 e

291 1970 374 2027 ait
395 1974 545 2028 Beda
575 1992 591 2028 ε
626 1996 655 2026 «
679 1978 929 2046 Mystice,
953 1976 1208 2046 quisquis
1239 1984 1469 2059 nuptias

294 2042 502 2100 Christi
552 2048 610 2100 et
640 2044 905 2101 Ecclesiae
938 2046 1205 2103 invitatus
1240 2049 1466 2115 adierit,

292 2114 568 2170 membris
595 2115 862 2172 Ecclesiae
890 2132 994 2189 per
1021 2117 1196 2173 fidem
1225 2121 1465 2191 conJun·

293 2188 438 2252 ctuS,
473 2200 591 2241 non
619 2201 681 2242 se
711 2188 940 2244 extollat
978 2188 1143 2261 quasi
1174 2190 1471 2248 sublimior

291 2254 521 2325 ceteriS,
572 2256 873 2327 gloriando
903 2260 973 2315 de
1017 2259 1255 2319 meritiS.
1304 2261 1470 2319 Dabit

295 2325 445 2382 enim
477 2326 664 2383 locum
688 2328 1041 2386 honoratiori
1065 2337 1189 2402 post
1205 2332 1466 2399 invitato,

292 2413 421 2454 cum
459 2396 685 2457 illorum
718 2400 814 2471 qui
846 2401 1007 2457 se'in
1037 2402 1261 2459 Christo
1293 2404 1468 2460 secuti

293 2473 444 2538 sunt,
497 2468 751 2542 agilitate
797 2471 1044 2543 praeitur.
1090 2476 1157 2529 Et
1205 2491 1332 2531 cum
1370 2492 1467 2533 ru·

292 2539 431 2596 bore
462 2540 838 2598 novissimum
862 2543 1049 2600 locum
1082 2549 1255 2613 tenet,
1298 2562 1471 2617 quan-

294 2609 369 2666 do
404 2611 475 2666 de
500 2611 627 2667 aliis
656 2612 896 2669 meliora
915 2629 1284 2687 cognoscenS,
1312 2617 1472 2688 quid-

296 2679 433 2762 quid
462 2680 535 2738 de
578 2699 681 2739 sua
723 2684 1054 2755 operatione
1087 2687 1303 2744 celsum
1341 2705 1468 2745 sen-

295 2753 493 2833 tiebat,
514 2754 797 2811 humiliat.
824 2756 933 2813 Sed
962 2758 1242 2815 recumbit
1265 2759 1470 2830 aliquis

296 2838 358 2877 in
395 2823 702 2882 novissimo
758 2826 903 2897 loco,
940 2830 1251 2886 secundnm
1279 2830 1418 2888 illud
1453 2850 1466 2887 :

298 2894 515 2960 Quanto
545 2897 727 2964 major
755 2913 829 2962 es,
872 2903 1024 2954 tanto
1055 2904 1106 2955 te
1145 2902 1381 2956 humilia
1410 2905 1471 2959 in

297 2966 570 3021 omnibus.
626 2967 873 3024 Veniens
924 2973 1114 3027 autem
1163 2970 1435 3029 Dominus
1454 3015 1469 3043 ,

299 3049 470 3107 quem
518 3036 792 3093 humilem
829 3037 1127 3109 invenerit,
1162 3041 1331 3097 amici
1369 3060 1470 3100 no-

298 3105 465 3187 mine·
484 3107 842 3174 beatificans,
876 3110 1134 3182 superius
1162 3114 1469 3171 ascendere

297 3177 607 3249 praecipiet.
628 3179 964 3251 Quicumque
983 3185 1128 3238 enim
1150 3185 1469 3240 humiliave-

295 3251 375 3304 rit
403 3264 481 3319 se,
508 3252 652 3306 sicut
680 3256 949 3322 parvulus
977 3255 1102 3323 iste,
1134 3256 1223 3310 hic
1252 3259 1332 3312 est
1354 3273 1470 3313 ma-

291 3319 388 3389 jor
418 3323 480 3375 in
502 3337 668 3390 reqno
699 3325 970 3381 coelorum.
1011 3325 1253 3382 Pulchre
1279 3331 1470 3384 autem

297 3388 537 3448 dicitur:
568 3396 715 3449 Tunc
739 3398 844 3450 erit
866 3396 972 3452 tibi
993 3399 1194 3466 qloria,
1223 3413 1297 3453 ne
1322 3414 1471 3455 nunc

295 3475 550 3542 quaerere
606 3464 844 3537 incipias
892 3468 1043 3537 quod
1076 3468 1178 3525 tibi
1209 3475 1472 3525 servatur

293 3547 355 3612 in
383 3532 516 3589 fine.
569 3537 764 3592 Potest
808 3537 978 3595 etiam
1007 3543 1065 3596 et
1101 3540 1210 3596 hoc
1266 3539 1326 3596 in
1363 3540 1470 3597 hac

295 3607 412 3658 vita
446 3603 709 3675 intelligi,
742 3608 877 3677 quia
914 3609 1166 3679 quotidie
1195 3610 1468 3668 Dominus

293 3687 427 3729 suas
462 3675 689 3746 nuptias
732 3676 927 3748 intrat,
963 3683 1237 3750 superbos
1286 3681 1473 3755 despi-

295 3742 471 3825 ciens,
517 3750 574 3800 et
612 3747 925 3803 humilibus
976 3765 1129 3821 saepe
1177 3756 1335 3808 tanta
1380 3754 1466 3810 sui

296 3819 528 3885 spiritus
555 3831 735 3874 onera
771 3823 1071 3890 praestans,
1110 3825 1171 3876 ut
1221 3821 1465 3880 discum-

296 3885 553 3965 bentium
605 3894 783 3944 coetus
830 3904 928 3946 eos
965 3890 1302 3949 admirando
1343 3895 1465 3966 glo·

296 3956 501 4012 rificet.
530 3958 635 4024 Qui
664 3958 815 4014 enim
849 3976 910 4017 se
938 3962 1009 4018 de
1038 3963 1254 4020 meritis
1283 3965 1468 4022 elevat

297 4026 751 4108 humiliabitu'ra
784 4032 1047 4102 Domino,
1084 4039 1140 4089 et
1170 4036 1266 4106 qui
1306 4052 1367 4092 se
1395 4037 1466 4093 de

295 4096 587 4154 beneficiis
607 4100 870 4158 humiliat
879 4104 1214 4162 exaltabitur
1233 4108 1303 4163 ab
1320 4124 1387 4164 eo
1412 4125 1462 4164 ε»

293 4167 416 4224 haec
440 4171 612 4227 Beda.

371 4262 433 4295 io
458 4241 574 4299 Cun
603 4259 769 4300 Locus
813 4261 1005 4301 minius
1056 4264 1166 4304 Nori
1194 4266 1462 4307 ureren-

292 4312 429 4367 nus?
455 4341 524 4356 —
560 4315 693 4373 Cum
738 4331 873 4389 ergo
902 4320 1174 4376 invitatus
1198 4323 1400 4392 fuem‘s,
1428 4337 1463 4381 a

1586 485 1847 555 Domino,
1890 501 1994 558 per
2022 483 2427 556 praedicatores
2476 501 2628 554 suos,
2681 486 2756 540 ad

1583 558 1832 628 nuptias
1863 556 2206 628 spirituales,
2264 572 2391 627 quae
2441 555 2758 612 consistunt

1583 628 1640 684 in
1672 627 2076 699 conjunctione
2123 626 2330 682 Christi
2362 631 2419 681 et
2454 626 2754 696 Ecclesiae3

1584 699 1656 755 ad
1686 706 1826 781 quas
1861 696 2086 769 nuptias
2134 696 2356 752 invitati
2388 704 2520 753 sunt
2559 713 2757 754 omnes

1584 769 1889 828 Christiani
1923 786 1936 824 ε
1974 783 2219 839 quorum
2259 766 2487 838 quidam
2537 774 2755 825 ceteros

1584 838 1860 912 dignitate
1887 839 2248 912 praecedunt,
2273 838 2368 894 alii
2394 854 2526 894 vero
2552 838 2753 895 merito

1586 918 1875 980 virtutum,
1890 917 1948 968 et
1971 909 2191 967 excellit
2213 926 2364 966 unus
2393 924 2507 965 una
2525 908 2751 977 virtute,

1585 988 1640 1040 et
1669 984 1959 1039 excellitur
1996 982 2140 1048 alia;
2174 980 2270 1036 alii
2308 996 2444 1036 vero
2475 980 2755 1036 excellunt

1584 1071 1746 1112 sacra
1779 1052 2171 1125 intelligentia,
2204 1069 2312 1107 non
2345 1052 2657 1106 discumbas
2695 1054 2755 1107 in

1580 1129 1761 1197 primo
1816 1128 1949 1194 loco,
2003 1128 2100 1180 aut
2146 1122 2477 1178 meritorum
2521 1127 2753 1179 tuorum

1583 1196 2048 1270 praesumptione,
2078 1199 2174 1251 aut
2203 1194 2488 1250 bonorum
2517 1194 2757 1275 munda-

1583 1284 1789 1325 norum
1814 1266 2144 1335 ambitione,
2173 1266 2270 1321 aut
2288 1263 2538 1337 appetitu
2567 1266 2757 1320 inanis

1582 1339 1797 1410 gloriae.
1849 1339 2034 1405 Quare
2094 1341 2285 1392 autem
2338 1335 2555 1407 primus
2594 1336 2754 1416 locus

1585 1427 1699 1466 non
1729 1413 1802 1467 sit
1830 1408 2187 1476 ambienduS,
2218 1410 2422 1480 probat
2452 1423 2517 1462 ex
2547 1408 2749 1463 tribuS.

1584 1482 1797 1550 Primo,
1820 1481 2329 1552 ex'comparatione
2360 1476 2655 1560 dignioris²
2687 1494 2755 1559 ne

1581 1556 1725 1621 forte
1743 1555 2078 1620 honoratior,
2099 1550 2156 1606 id
2177 1556 2264 1606 est
2287 1549 2515 1618 dignior
2545 1564 2748 1620 majori

1581 1625 1821 1692 honore,
1848 1626 1924 1678 sit
1950 1625 2220 1678 invitatus
2247 1622 2316 1677 ab
2344 1622 2464 1689 illo,
2496 1624 2551 1675 et
2576 1622 2749 1675 talem

1581 1695 1754 1751 debes
1791 1693 1895 1752 tibi
1942 1709 2293 1765 praeponere.
2328 1690 2563 1773 Dignior
2600 1689 2751 1773 enim

1582 1765 1783 1837 majori
1821 1767 2038 1821 honore
2062 1767 2151 1820 est
2179 1763 2504 1829 virtuosior,
2537 1765 2592 1817 et
2622 1762 2751 1818 ideo

1581 1836 1819 1907 quilibet
1847 1842 2302 1907 quantacumque
2336 1832 2612 1913 dignitate
2636 1833 2755 1904 pol-

1578 1908 1711 1974 leat,
1740 1908 1913 1963 habet
1947 1905 2306 1962 incitativum
2357 1904 2616 1974 fugiendi
2649 1905 2753 1959 ho-

1578 1995 1798 2047 norem,
1834 1977 1881 2034 si
1936 1977 2195 2034 attendat
2277 1976 2388 2032 uod
2420 1975 2483 2031 in
2519 1990 2753 2047 congre-

1576 2049 1804 2120 gatione
1840 2065 1965 2105 esse
2002 2052 2188 2120 potest
2274 2047 2421 2117 iquis
2471 2062 2538 2102 eo
2576 2048 2755 2102 hono-

1578 2119 1776 2176 ratior.
1835 2122 1960 2176 Non
2006 2118 2162 2175 enim
2200 2116 2461 2198 dignitati
2512 2116 2751 2198 debetur

1580 2190 1912 2251 excellentia
1935 2188 2187 2255 honoris,
2219 2187 2327 2243 nisi
2357 2204 2494 2256 quia
2521 2203 2646 2259 ipsa
2664 2192 2750 2242 at-

1578 2267 1824 2318 testatur
1849 2258 2239 2318 excellentiam
2268 2258 2511 2314 virtutis·
2547 2288 2615 2299 —
2646 2259 2749 2339 Se3

1579 2335 1788 2402 cundo,
1838 2334 1947 2389 hoc
1994 2332 2147 2387 idem
2187 2330 2393 2402 probat
2425 2345 2491 2385 ex
2529 2328 2751 2411 indigni

1579 2405 1878 2477 ejectione,
1901 2402 2035 2475 quia
2056 2402 2216 2458 locus
2232 2400 2489 2458 sublimis
2517 2400 2751 2481 indigno

1579 2493 1694 2534 non
1725 2482 1811 2534 est
1850 2473 2091 2544 stabiliS,
2122 2473 2220 2531 sed
2252 2488 2404 2546 saepe
2435 2471 2570 2530 inde
2599 2472 2754 2545 ejici-

1578 2553 1690 2617 tur,
1721 2548 1873 2604 unde
1903 2546 2110 2603 dicitur
2135 2563 2147 2600 :
2180 2548 2253 2601 Et
2280 2548 2520 2608 veniens,
2551 2559 2654 2615 per
2679 2543 2756 2599 et*-

1579 2620 1809 2686 fectum,
1840 2621 1892 2673 is
1949 2620 2048 2688 qui
2098 2621 2154 2671 te
2202 2614 2442 2683 vocavit,
2483 2621 2534 2670 et
2570 2617 2753 2695 illum,

1579 2692 1730 2746 dicat
1760 2690 1884 2752 tibi,
1916 2688 2087 2757 facto,
2119 2684 2335 2741 scilicet
2364 2694 2419 2740 te
2448 2685 2754 2741 humilian-

1580 2763 1674 2830 do,
1693 2766 1749 2817 et
1775 2760 1949 2817 alium
1973 2757 2073 2814 tibi
2098 2756 2453 2837 praeserendo
2475 2773 2487 2811 :
2512 2759 2595 2811 Da
2623 2758 2751 2812 huic

1581 2836 1776 2898 locum,
1802 2847 1915 2902 quo
1945 2831 2330 2909 reputabaste
2352 2827 2611 2897 dignum.
2633 2829 2751 2908 Hoc

1581 2919 1731 2974 saepe
1760 2900 1968 2971 evenit,
2001 2899 2152 2971 quod
2182 2914 2275 2969 qui
2304 2899 2542 2970 putabat
2571 2914 2631 2977 se
2661 2898 2750 2978 di·

1579 2990 1756 3046 gnum
1771 2974 2010 3038 honore,
2041 2969 2264 3040 ejicitur
2291 2984 2327 3024 a
2355 2983 2459 3024 sua
2490 2972 2749 3048 cogitati-

1581 3061 1709 3113 one,
1740 3048 1797 3100 et
1820 3041 2119 3114 expellitur
2142 3039 2296 3095 inde.
2321 3069 2392 3079 —
2411 3042 2621 3106 Tertio,
2643 3040 2752 3095 hoc

1580 3115 1732 3172 idem
1763 3114 1964 3185 probat
2016 3128 2081 3168 ex
2110 3110 2457 3177 confusione,
2509 3124 2638 3181 quae
2688 3125 2750 3191 se

1581 3187 1775 3258 quitur
1811 3186 1959 3240 hanc
1988 3181 2353 3253 ejectionem3
2389 3182 2540 3236 unde
2564 3181 2752 3237 subdi-

1580 3263 1672 3314 tur
1687 3274 1700 3312 :
1714 3260 1786 3312 Et
1803 3262 1930 3311 tunc
1952 3256 2193 3325 incipias
2203 3268 2325 3309 cum
2335 3253 2532 3309 rubore
2540 3254 2752 3308 novissi

1579 3343 1728 3385 mum
1756 3330 1930 3384 locum
1942 3331 2139 3389 tenere,
2154 3326 2500 3381 erubescens
2513 3323 2747 3393 scilicet,

1581 3399 1805 3471 quando
1827 3396 1926 3469 qui
1940 3398 2009 3453 de
2020 3402 2077 3454 te
2090 3396 2308 3468 majora
2322 3394 2748 3477 praesumpsisti,

1578 3469 1815 3542 incipies
1847 3467 2152 3532 humiliari.
2188 3468 2350 3539 quasi
2385 3469 2638 3540 dejectus
2673 3482 2748 3546 ’in

1578 3543 1767 3599 animo
1794 3548 1911 3610 tu0,
1939 3546 2037 3597 aut
2069 3540 2282 3611 ejectus
2309 3540 2382 3595 de
2406 3537 2746 3619 tuo-officio,

1577 3619 1676 3670 aut
1706 3613 1958 3684 dejectus
1986 3618 2114 3684 post
2144 3615 2386 3666 mortem
2414 3609 2474 3664 in
2501 3608 2746 3663 inferno·

1653 3706 1710 3740 ιι
1745 3686 1859 3741 Cun
1889 3700 2067 3739 Auri-,u
2103 3696 2421 3736 Novissnius
2459 3694 2624 3759 Locus
2655 3694 2750 3757 Ar-

1576 3754 1890 3810 PETENDUS?
1929 3783 1994 3793 —
2043 3751 2278 3820 Deinde,
2319 3749 2568 3807 ostendit
2612 3746 2749 3819 quid

1578 3825 1651 3881 sit
1670 3823 2091 3881 observandum
2117 3821 2191 3879 ei,
2214 3822 2311 3892 qui
2328 3822 2446 3875 vult
2462 3820 2750 3900 ‚honorem

1577 3894 1895 3967 acquirere,
1970 3892 2066 3949 uia
2100 3892 2269 3948 debet
2319 3890 2558 3946 humilia
2585 3890 2657 3945 de
2686 3905 2748 3946 se

1577 3967 1808 4024 sentire.
1844 3909 2001 4020 Unge
2032 3961 2169 4018 dicit
2196 3979 2209 4017 z
2242 3962 2351 4019 Sed
2376 3978 2496 4017 cum
2523 3965 2749 4017 vocatus

1575 4041 1776 4106 fueris,
1796 4037 1956 4099 vade,
1989 4050 2106 4090 non
2134 4038 2191 4089 te
2219 4048 2445 4102 excusa,
2467 4037 2521 4087 et
2545 4048 2752 4113 recum-

1579 4111 1641 4164 be
1667 4112 1728 4164 in
1755 4110 2050 4163 novissimo
2077 4108 2210 4173 loco,
2237 4103 2517 4160 minorem
2535 4108 2592 4184 te
2621 4103 2750 4184 aliis

1576 4178 1926 4251 reputand03
1958 4183 2015 4233 et
2046 4181 2102 4232 te
2134 4191 2258 4233 esse
2292 4175 2354 4231 in
2398 4176 2749 4255 omnibus-ln

1575 4249 1690 4306 imo
1725 4249 1946 4318 merito,
1982 4247 2088 4305 etsi
2117 4248 2264 4305 forte
2284 4246 2361 4304 sis
2384 4246 2749 4302 excellentior

1576 4320 1852 4394 dignitate
1890 4320 1981 4378 vel
2034 4317 2273 4393 originis
2308 4316 2623 4376 nobilitate.
2679 4317 2750 4371 Et
