3146 5023
511 355 605 409 256
1218 356 1442 412 PRIMAE
1498 357 1737 410 PARTIS
1793 356 2000 410 CAPUT
2053 355 2279 408 Lxxlx

517 461 703 518 facere
736 479 754 516 .·
783 464 921 517 Ecce
964 465 1102 519 anni
1136 468 1247 518 tres
1283 467 1434 523 sunt.
1478 461 1694 518 scilicet

514 536 737 615 tempus
784 532 1033 600 Antonii,
1064 532 1361 603 Augustini
1407 537 1463 589 et
1507 536 1692 589 Bene-

517 604 672 671 dicti,
704 620 773 659 em
812 620 918 673 quo
947 607 1102 659 venio
1142 620 1386 674 quaerens
1416 606 1687 671 fructum,

513 674 726 730 scilicet
757 673 1032 730 virtutum
1059 681 1116 730 et
1144 690 1404 746 operum,
1439 678 1500 730 in
1528 677 1686 745 ficul-

514 761 618 801 nea
656 747 776 812 hac,
809 750 862 799 et
895 760 1005 801 non
1047 748 1266 801 invenio
1297 745 1480 815 illum,
1517 748 1688 802 nimis

513 818 663 871 enim
699 830 878 887 prope
905 815 1056 872 viam
1078 821 1134 872 et
1161 817 1439 873 mundum
1466 825 1610 886 erat,
1630 821 1688 873 et

511 885 638 942 ideo
662 887 880 942 fructus
906 903 1086 958 usque
1119 887 1194 944 ad
1217 886 1604 944 maturitatem
1629 893 1687 944 et

510 956 685 1013 finem
738 973 968 1014 servare
1006 973 1121 1014 non
1152 962 1395 1029 poterat.
1427 959 1537 1016 Sed
1590 975 1684 1015 re-

509 1043 645 1084 vera
673 1028 826 1083 omni
858 1027 1127 1099 religioso
1168 1029 1344 1086 timor
1384 1029 1682 1101 incutitur,

509 1114 638 1154 cum
664 1098 756 1154 bic
786 1098 993 1157 dicitur
1021 1119 1039 1156 ε
1069 1101 1301 1158 succide
1335 1117 1463 1170 erqo
1498 1103 1681 1172 illam,

509 1169 567 1225 id
619 1175 706 1227 est
759 1171 1158 1228 succidendam
1208 1174 1505 1240 annuntia,
1548 1174 1685 1243 quia

510 1246 594 1298 est
620 1241 1004 1312 infructuosa3
1034 1250 1095 1299 ut
1124 1245 1263 1313 quid
1289 1246 1456 1299 etiam
1479 1249 1684 1299 terram

506 1318 754 1385 occupat,
787 1320 843 1369 et
880 1314 1289 1386 temporalibus
1322 1314 1518 1383 utitur,
1551 1314 1685 1385 quia

507 1384 691 1441 locum
715 1400 884 1455 quem
908 1392 1083 1454 tenet,
1106 1402 1139 1442 o
1184 1385 1551 1446 eribusbonis
1565 1402 1682 1442 non

507 1457 773 1513 exercet?
820 1458 890 1512 Ut
935 1457 1088 1513 enim
1172 1458 1268 1512 icit
1301 1457 1679 1525 Anqustinus,

509 1532 772 1597 peccator
809 1543 926 1583 non
976 1526 1307 1599 est-dignus
1351 1544 1522 1598 pane,
1568 1543 1680 1598 quo

507 1598 766 1655 vescitur.
807 1599 887 1654 At
931 1600 1263 1670 respondens
1308 1600 1425 1666 ille,
1465 1598 1523 1654 id
1569 1601 1679 1668 est,

508 1670 795 1741 praelatuS,
817 1668 952 1740 quia
980 1669 1199 1740 praelati
1244 1669 1455 1725 debent
1484 1685 1545 1725 se
1576 1685 1680 1740 op-

508 1756 722 1812 ponere
750 1756 851 1812 pro
880 1740 1142 1808 subditiS,
1162 1741 1255 1795 illi
1278 1740 1433 1802 dicit,
1465 1740 1681 1796 scilicet

509 1813 725 1866 orando
756 1826 858 1880 pro
872 1811 980 1866 eis:
1001 1812 1244 1878 Domine,
1274 1810 1492 1866 dimitte
1519 1812 1681 1867 illam

508 1886 561 1935 et
598 1883 696 1936 hoc
746 1896 908 1948 anno,
942 1880 1157 1936 scilicet
1201 1885 1263 1937 ut
1304 1880 1578 1951 poeniteat
1625 1887 1682 1938 et

508 1951 829 2008 fructificet.
866 1951 997 2021 Sed,
1033 1951 1179 2009 heul
1219 1952 1373 2022 quia,
1407 1969 1678 2009 concesso

508 2022 691 2095 spatio
736 2021 1120 2094 poenitentiae,
1151 2023 1315 2080 multi
1361 2023 1680 2081 abutuntur

506 2094 569 2151 in
595 2097 881 2167 superbia,
918 2111 978 2152 se
1014 2112 1131 2151 non
1167 2095 1542 2152 emendando.
1576 2098 1678 2151 Di·

509 2170 663 2223 mitte
696 2184 831 2250 ergo
856 2169 1161 2238 usquedum
1184 2168 1402 2235 fodiam
1426 2169 1575 2222 eirea
1598 2168 1677 2221 il-

509 2239 641 2303 lam,
665 2239 878 2295 scillcet
899 2254 1003 2309 per
1023 2240 1470 2309 increpationem
1489 2238 1676 2293 humi-

507 2309 699 2364 liando
734 2314 789 2364 et
811 2309 881 2364 ab
908 2325 1105 2364 amore
1130 2317 1489 2364 terrenorum
1518 2324 1680 2364 revo-

507 2379 722 2445 cando;
754 2380 850 2449 qui
877 2381 1029 2434 enim
1063 2379 1224 2449 fodit,
1250 2383 1463 2435 terram
1490 2385 1676 2436 extra-

507 2448 613 2518 hit,
643 2454 700 2504 et
720 2449 953 2518 fossam,
974 2447 1033 2504 id
1052 2455 1137 2504 est
1159 2449 1562 2520 humilitatem,
1589 2450 1674 2506 fa·

508 2520 618 2590 cit3
649 2527 701 2578 et
731 2524 949 2577 mittam
975 2526 1233 2586 stercora,
1257 2520 1472 2577 scilicet
1495 2522 1675 2578 malo-

507 2608 656 2663 rum,
683 2608 808 2665 quae
836 2591 969 2649 fecit
985 2592 1469 2650 abominationem
1492 2594 1675 2649 etsoe-

509 2664 764 2733 ditatem,
788 2663 1131 2721 etvilitatem
1153 2664 1225 2722 ad
1245 2665 1577 2721 memoriam
1593 2681 1677 2721 re-

507 2736 935 2793 ducendo.Sunt
950 2739 1141 2792 tamen
1157 2734 1345 2804 multi,
1358 2734 1454 2807 qui
1471 2752 1576 2792 nec
1594 2734 1676 2791 sic

505 2807 783 2880 poenitere
802 2807 1020 2877 volunt,
1038 2807 1139 2863 sed
1160 2813 1518 2863 murmurant
1537 2823 1673 2864 con-

504 2886 595 2935 tra
624 2878 755 2935 illos
791 2877 885 2950 qui
925 2877 1007 2934 eis
1042 2882 1405 2950 peccatorum
1439 2893 1674 2934 suorum

503 2950 986 3008 abominationem
1025 2950 1097 3008 ad
1130 2951 1464 3006 memoriam
1500 2950 1674 3005 redu-

503 3027 660 3093 cunt,
687 3022 884 3079 sivein
910 3021 1336 3092 praedicatione,
1363 3019 1480 3076 sive
1500 3019 1565 3101 in
1592 3020 1672 3077 le-

502 3095 711 3164 ctione,
734 3093 935 3150 sivein
955 3095 1335 3165 correptione,
1361 3091 1476 3147 sive
1497 3107 1557 3146 tn
1579 3108 1673 3147 ac-

501 3164 822 3234 cusatione3
840 3169 902 3219 ‘et
920 3163 1049 3220 ideo
1065 3165 1378 3220 timendum
1397 3166 1483 3218 est
1497 3163 1580 3218 eis
1600 3178 1673 3218 ne

498 3234 883 3304 succidantur,
920 3233 1053 3306 quia
1106 3238 1281 3291 omnis
1335 3234 1499 3290 arbor
1553 3250 1675 3303 quae

497 3320 606 3359 non
637 3307 780 3372 facit
828 3307 1076 3372 fructum
1113 3307 1309 3362 bonum
1365 3305 1671 3369 emeidetur,

496 3376 631 3430 etin
659 3376 840 3443 ignem
868 3379 1139 3433 mittetur.
1172 3379 1308 3433 Tres
1334 3377 1505 3432 etiam
1535 3374 1673 3431 anni

494 3450 733 3517 possunt
762 3445 1091 3517 significare
1116 3446 1230 3502 tria
1256 3451 1387 3503 vota
1417 3461 1669 3501 commu-

492 3516 590 3574 nia
618 3517 774 3573 omni
806 3514 1095 3586 religioni,
1116 3531 1285 3587 super
1323 3515 1528 3598 quibus
1556 3518 1670 3573 Do-

492 3588 684 3645 minus
719 3586 1028 3660 quemlibet
1058 3592 1316 3642 nostrum
1345 3592 1670 3659 mterroga-

490 3661 594 3731 bit,
632 3675 758 3717 cum
796 3659 1089 3715 exactione
1118 3673 1346 3730 magna,
1383 3658 1667 3729 quomodo

490 3731 704 3790 fuerim
732 3732 1034 3787 observata
1057 3747 1074 3800 3
1102 3731 1202 3786 sed
1230 3728 1550 3786 timendum
1579 3736 1668 3786 est

489 3804 706 3873 multiS,
748 3818 821 3859 ne
864 3804 976 3859 ista
1017 3806 1148 3859 vota
1184 3801 1438 3859 inveniat
1487 3801 1668 3858 fracta

489 3877 579 3932 vel
608 3877 758 3931 male
785 3875 1107 3931 observata.
1141 3875 1340 3930 Cultor
1365 3871 1536 3929 etiam
1566 3874 1668 3928 hu-

482 3948 577 4019 jus
606 3949 784 4003 vineae
815 3950 1000 4018 potest
1028 3947 1150 4018 ipsa
1187 3947 1331 4001 ratio
1370 3961 1514 4012 esse,
1534 3960 1663 4015 quae

487 4020 657 4076 debet
677 4019 871 4075 fodere
888 4020 1036 4074 circa
1055 4015 1459 4074 conscientiam
1478 4031 1634 4071 suam
1648 4057 1661 4084 ,

484 4091 544 4146 in
575 4107 643 4146 ea
677 4090 936 4146 faciendo
976 4089 1198 4144 foveam
1238 4085 1572 4143 humilitatis
1605 4093 1663 4141 et

486 4163 665 4233 ipsam
713 4162 1042 4217 evacuando
1087 4161 1158 4214 ab
1206 4158 1360 4214 omni
1408 4158 1661 4229 appetitu

488 4232 687 4288 mundi
713 4234 923 4304 hujus:
958 4237 1015 4287 et
1045 4231 1215 4287 debet
1251 4229 1478 4285 mittere
1512 4230 1663 4284 circa

484 4302 643 4360 illam
701 4308 974 4371 stercora,
1023 4300 1437 4359 considerando
1490 4300 1662 4373 hujus

1803 459 2000 517 mundi
2054 459 2368 530 miseriam,
2401 460 2538 531 quia
2565 463 2771 519 omnia
2821 480 2997 520 mun·

1800 533 1970 600 dana,
2037 534 2350 588 secundum
2430 534 2802 605 Apostolum,
2878 554 2994 592 non

1800 610 1933 660 sunt
1961 602 2067 658 nisi
2106 609 2389 670 stercora;
2418 609 2474 660 et
2518 606 2758 661 istorum
2794 610 2992 664 consi·

1799 674 2017 730 deratio
2049 678 2103 729 et
2134 674 2308 730 fossio
2363 674 2633 744 praedicta
2661 676 2892 733 faciunt
2922 680 2989 734 fi-

1798 761 1926 801 cum
1955 744 2316 801 conscientiae
2331 746 2583 817 religiosi
2606 747 2984 806 fructificare.

1796 818 1862 871 Et
1889 819 2034 874 bene
2067 832 2166 887 per
2192 818 2458 872 arborem
2509 817 2602 873 fici
2631 817 2988 889 intelligitur

1795 887 2019 960 religio.
2048 917 2139 943 .-
2193 887 2407 958 Primo,
2454 889 2586 959 quia
2633 891 2785 945 sicut
2839 892 2986 949 ficus

1794 960 1896 1015 sub
1924 975 2033 1015 uno
2065 957 2280 1015 cortice
2302 959 2480 1015 multa
2507 975 2689 1030 grana
2720 965 2987 1020 continet

1797 1030 1856 1085 in
1890 1031 2136 1101 quadam
2172 1029 2471 1086 dulcedine
2498 1049 2510 1099 3
2537 1032 2617 1086 ita
2643 1032 2857 1103 religio
2880 1037 2986 1091 sub

1780 1117 1905 1156 ⁷uno
1938 1103 2106 1157 modo
2137 1100 2384 1171 vivendi,
2410 1106 2467 1157 et
2487 1103 2590 1158 sub
2618 1119 2731 1158 una
2751 1106 2981 1175 regula,

1793 1172 1999 1228 multos
2065 1172 2239 1228 habet
2293 1172 2555 1228 homines
2612 1176 2982 1232 concorditer

1791 1244 2065 1299 viventes.
2099 1273 2168 1285 —
2195 1244 2476 1313 Secund0‚
2501 1244 2635 1315 quia
2665 1245 2807 1302 folia
2836 1247 2981 1303 ficus

1793 1314 2007 1370 habent
2064 1313 2227 1386 quasi
2278 1315 2714 1372 similitudinem
2771 1334 2981 1375 manus

1791 1384 2098 1457 humanae3
2157 1386 2237 1442 sic
2287 1387 2461 1442 verba
2523 1385 2934 1458 religiosorum
2967 1433 2981 1459 ,

1792 1471 1922 1527 quae
1971 1472 2072 1526 per
2121 1455 2258 1512 folia
2315 1455 2733 1527 significantur,
2764 1460 2983 1517 debent

1793 1526 2060 1597 operibus
2115 1529 2425 1598 adaequari,
2455 1534 2516 1584 ut
2569 1528 2853 1611 quidquid
2896 1532 2981 1589 di-

1792 1602 1950 1666 cunt,
1990 1598 2128 1654 illud
2156 1603 2212 1654 et
2239 1598 2471 1654 faciant.
2501 1629 2572 1640 —
2597 1602 2813 1670 Tertio,
2845 1603 2982 1673 quia

1793 1668 1942 1725 tauri
1985 1668 2319 1725 ferocissimi
2368 1670 2637 1727 dicuntur
2693 1687 2979 1730 mansue—

1792 1755 1973 1810 scere,
1996 1740 2225 1810 quando
2241 1740 2375 1796 ficui
2405 1741 2750 1812 alligantur3
2782 1744 2871 1800 sic
2889 1746 2977 1817 ju-

1788 1827 1963 1866 venes
1995 1811 2304 1867 insolentes
2334 1816 2504 1882 atque
2526 1811 2790 1870 dissoluti
2818 1832 2978 1872 man-

1787 1888 2075 1952 suescunt,
2129 1889 2187 1938 et
2234 1881 2443 1938 Christi
2494 1884 2631 2008 ³⁰5⁰
2673 1880 2977 1944 humiliter

1790 1952 2185 2024 suinciuntur,
2215 1953 2445 2024 quando
2499 1970 2561 2009 re
2592 1954 2843 2025 igionem
2885 1961 2973 2015 in·

1790 2023 2144 2095 grediuntur,
2159 2029 2215 2080 et
2241 2023 2579 2081 ceremoniis
2599 2026 2833 2084 Ordinis
2854 2029 2977 2085 alli-

1790 2100 2018 2166 gantur.
2049 2098 2157 2171 Sed
2206 2102 2363 2164 nota,
2412 2096 2567 2166 quod
2615 2097 2672 2152 in
2720 2101 2976 2156 Jeremia

1792 2167 1998 2222 dicitur
2030 2184 2043 2223 ε
2086 2168 2232 2234 Quid
2266 2172 2324 2222 tu
2357 2169 2532 2236 vide-3,
2561 2170 2801 2225 Jeremia
2821 2172 2851 2226 ‘?
2874 2175 2969 2227 Fi-

1789 2253 1883 2293 cus
1920 2239 2105 2303 bonae,
2143 2240 2311 2293 bonas
2342 2239 2537 2307 valde‚·
2568 2243 2620 2294 et
2665 2240 2807 2297 ficus
2845 2260 2970 2298 ma-

1791 2310 1896 2377 lae,
1926 2310 2106 2364 malas
2145 2310 2338 2379 valde,
2377 2311 2511 2380 quia
2553 2311 2782 2380 quando
2832 2313 2968 2371 reli-

1790 2381 1982 2450 giosus
2012 2384 2096 2436 est
2123 2381 2322 2449 bonuS,
2348 2396 2462 2436 non
2490 2385 2577 2436 est
2610 2381 2818 2439 melior
2848 2401 2917 2441 eo
2947 2403 2961 2453 ;

1789 2458 1846 2507 et
1888 2451 2117 2524 quando
2158 2457 2245 2507 est
2283 2453 2486 2522 maluS,
2517 2467 2634 2508 non
2677 2458 2762 2510 est
2806 2457 2969 2526 pejor

1787 2539 1877 2579 e0.
1923 2524 2081 2580 Unde
2128 2524 2479 2592 Auqustinus
2510 2542 2527 2577 .·
2561 2542 2590 2577 «
2623 2524 2970 2595 Simpliciter

1787 2595 1971 2651 fateor
2003 2612 2069 2651 ex
2098 2611 2209 2667 quo
2239 2597 2351 2651 Deo
2386 2595 2601 2651 servire
2628 2596 2795 2667 coepi,
2826 2614 2966 2669 quo-

1787 2667 1944 2722 niam
1964 2667 2105 2722 sicut
2130 2665 2361 2722 difficile
2389 2672 2652 2736 expertus
2682 2683 2809 2723 sum
2843 2685 2966 2726 me-

1785 2735 1974 2805 lioreS,
2006 2752 2179 2808 quam
2219 2735 2314 2807 qui
2348 2736 2410 2792 in
2440 2737 2799 2795 monasteriis
2831 2756 2968 2812 pro-

1761 2808 2075 2876 ‘fecerunt;
2125 2807 2205 2863 sic
2232 2824 2349 2864 non
2379 2824 2503 2863 sum
2537 2813 2804 2880 expertus
2850 2827 2966 2883 pe·-

1780 2879 1955 2951 jores‚
1993 2895 2164 2951 quam
2204 2880 2300 2949 qui
2341 2880 2397 2934 in
2429 2880 2508 2934 eis
2535 2879 2889 2937 defecerunt.
2939 2903 2962 2933 ι

1857 2955 1887 3006 5
1920 2952 2057 3016 Qum
2097 2968 2177 3006 sn·
2205 2967 2417 3006 ‘rnatum
2463 2967 2770 3008 mumurati
2803 2970 2966 3010 occu-

1787 3022 1961 3077 PARE‘?
1989 3054 2060 3063 —-
2086 3024 2366 3078 Docemur
2398 3037 2533 3094 ergo
2563 3022 2657 3078 hic
2684 3028 2741 3078 et
2770 3039 2970 3081 mone·

1785 3108 1935 3162 mur,
1988 3098 2050 3149 ut
2106 3109 2221 3149 non
2275 3094 2451 3149 simus
2512 3095 2757 3163 steriles,
2819 3094 2969 3151 sicut

1785 3165 1959 3220 arbor
1987 3163 2357 3233 infructuosa,
2375 3172 2432 3220 et
2452 3169 2663 3220 terram
2682 3165 2968 3223 inutiliter

1785 3251 1900 3291 non
1946 3251 2314 3306 occupemus;
2348 3251 2419 3290 ne
2467 3237 2592 3292 sine
2629 3236 2819 3293 fructu
2865 3239 2967 3294 bo-

1784 3321 1988 3362 norum
2023 3322 2259 3377 operum
2309 3307 2543 3377 inventi,
2580 3306 2966 3378 succidamur,‘

1785 3382 1841 3432 et
1877 3376 1939 3432 in
1980 3376 1997 3432 i
2046 3393 2173 3434 nem
2221 3376 2534 3433 mittamur.
2578 3378 2740 3447 Quia,
2774 3387 2836 3435 ut
2887 3381 2968 3436 ait

1781 3450 1991 3504 Bernar
2032 3464 2113 3518 ue,
2177 3450 2370 3505 arbori
2423 3449 2788 3505 infructuosae
2847 3451 2961 3507 duo

1783 3519 2081 3588 debentur,
2113 3521 2328 3576 securis
2354 3523 2411 3575 et
2434 3518 2602 3591 ignis,
2637 3520 2834 3576 Potest
2863 3538 2961 3577 au·

1781 3590 1896 3645 tem
1953 3605 2055 3659 per
2088 3594 2302 3647 terram
2344 3591 2521 3646 sterili
2570 3590 2682 3646 ficu
2712 3607 2959 3662 occupa-

1778 3663 1896 3716 tam
1941 3660 2193 3718 Ecclesia
2227 3660 2561 3733 significari,
2610 3677 2737 3732 quae
2790 3665 2962 3720 noxia

1780 3731 2144 3802 praelatorum
2190 3740 2248 3790 et
2280 3734 2713 3804 praepositorum
2751 3734 2961 3798 umbra

1777 3806 2076 3874 premitur,
2110 3820 2184 3860 ne
2221 3805 2415 3859 lumen
2444 3802 2701 3859 veritatis
2741 3803 2953 3874 videat,

1778 3883 1833 3929 ct
1855 3875 2126 3946 exemplis
2157 3890 2353 3930 eorum
2376 3873 2702 3945 impeditur,
2737 3891 2808 3930 ne
2835 3877 2956 3932 sole

1778 3944 2097 4001 dilectionis
2120 3947 2217 4001 Dei
2238 3945 2483 4001 calcscat
2498 3963 2514 4014 ;
2539 3945 2608 4000 de
2634 3946 2838 4015 quibus
2862 3947 2956 4002 bc-

1775 4032 1847 4072 ne
1869 4015 1976 4071 dici
2003 4020 2190 4088 potest
2216 4017 2352 4072 illud
2383 4034 2395 4071 :
2432 4020 2527 4073 Vae
2549 4017 2722 4080 υοὸἰε,
2749 4019 2954 4072 Seribae

1774 4092 1825 4143 ct
1852 4090 2141 4156 Pharisaei,
2175 4090 2275 4157 qui
2302 4089 2565 4142 clauditis
2593 4105 2820 4155 reanum
2850 4105 2951 4143 effl-

1777 4161 1949 4214 lorum
1975 4167 2100 4215 ante
2119 4162 2378 4214 homineS.
2407 4159 2567 4214 Unde
2588 4159 2946 4217 Ambrosius:

1778 4249 1806 4283 «
1832 4230 2109 4287 Inutiliter
2132 4235 2345 4287 terram
2371 4235 2608 4301 occupat
2636 4231 2728 4301 qui
2757 4230 2950 4287 locum

1776 4316 1947 4374 quem
1987 4305 2163 4372 tenet,
2201 4302 2367 4360 bonis
2399 4301 2665 4374 operibus
2701 4316 2820 4358 non
2850 4316 2949 4359 ex-
