3146 5023
372 416 461 468 154
1121 422 1340 474 fnum
1392 419 1626 475 PAR'rls
1679 418 1888 471 CAPUT
1943 414 2088 468 va

364 537 529 579 eum:
561 523 713 605 unde
740 529 800 580 et
818 525 927 580 hoc
955 525 1108 597 quod
1136 524 1391 582 veritatis
1422 529 1531 589 est,

364 598 424 651 et
445 593 700 663 honoris,
722 610 821 666 pro
851 592 1131 666 vituperio
1152 595 1429 653 inducunt
1453 595 1540 651 di-

363 669 559 722 centes
591 680 722 721 eum
746 665 903 731 fabri
931 668 1130 736 filium,
1162 683 1262 723 seu
1293 667 1535 724 fabrum.

363 734 516 819 Sicut
543 735 696 816 enim
724 736 894 817 Pater
921 752 1024 807 per
1055 737 1261 794 Filium
1292 737 1350 794 in
1378 737 1537 819 prin-

361 822 508 878 cipio
524 821 714 862 omma
731 805 1028 891 fabricavit
1051 825 1068 877 ;
1090 807 1311 880 sicipse
1334 808 1534 890 FiliuS,

360 892 670 1027 ffssntt‘iss}
688 879 1050 1019 mislata
1091 885 1243 1008 322²&
1271 894 1535 1007 afflata

365 1017 538 1086 filius,
568 1022 625 1074 et
650 1017 814 1075 faber
838 1018 950 1075 dici
978 1020 1174 1092 possit.
1211 1024 1275 1079 ln
1304 1022 1535 1078 illorum

367 1104 508 1170 ergo
533 1104 728 1169 errore
750 1089 964 1148 veritas
992 1091 1153 1163 latet,
1174 1109 1312 1150 nam
1334 1093 1538 1163 utique

365 1159 512 1243 fabri
550 1159 701 1216 tilius
728 1167 854 1218 erat
878 1179 895 1231 ;
924 1163 1025 1219 sed
1054 1179 1167 1219 non
1196 1164 1349 1221 illius
1376 1165 1539 1235 cujus

365 1230 473 1314 ipsi
507 1232 806 1313 putabant,
856 1233 957 1290 sed
1002 1234 1381 1293 Fabricatoris
1410 1250 1539 1292 om-

365 1318 546 1371 mum,
578 1318 675 1384 qul
718 1305 1030 1371 fabricatus
1078 1311 1160 1362 est
1192 1323 1457 1363 auroram
1487 1310 1540 1363 et

366 1375 554 1445 solem,
589 1373 647 1429 1d
697 1378 785 1431 est
822 1375 1133 1433 Ecclesiam
1186 1377 1542 1460 primitivam

368 1446 425 1503 et
451 1450 804 1516 sequentem.
842 1449 1048 1519 Magna
1084 1454 1309 1505 caecitas
1338 1463 1544 1505 eorum

370 1521 513 1600 erat,
543 1517 697 1599 quia,
728 1534 858 1575 cum
885 1518 946 1575 in
984 1519 1173 1576 verbis
1201 1525 1257 1576 et
1288 1520 1450 1576 factis
1475 1519 1545 1574 il-

368 1589 478 1653 lius
515 1589 803 1645 Christum
839 1605 1187 1662 cognoscere
1223 1595 1493 1663 poterant
1527 1607 1543 1658 ;

368 1664 641 1742 attamen,
672 1666 904 1742 propter
939 1661 1169 1717 humilis
1197 1667 1256 1719 et
1281 1660 1549 1733 pauperis

369 1744 599 1803 genens
618 1736 899 1812 notitiam,
916 1748 1047 1788 eum
1075 1734 1544 1802 contemnebant;

372 1806 429 1858 et
467 1817 535 1858 ex
569 1807 844 1872 parwtate
873 1803 1102 1873 generis
1130 1809 1186 1859 et
1216 1803 1547 1860 infirmitate

373 1874 584 1952 carniS,
620 1873 886 1929 volebant
913 1874 984 1930 ab
1015 1889 1083 1930 eo
1114 1875 1412 1932 excludere
1443 1891 1546 1947 po-

372 1947 610 2000 tenuam
639 1943 974 2015 maiestatis,

442 2020 480 2095 ,6
527 2015 744 2072 Nouus
787 2017 1079 2073 Pnornnn
1117 2035 1175 2073 nv
1224 2035 1418 2074 ruma
1451 2034 1547 2074 ac-

377 2101 593 2143 clinus,
638 2116 708 2128 —
756 2088 824 2142 Et
903 2090 1018 2158 uia,
1062 2089 1273 2146 auditis
1312 2089 1547 2146 famosis

376 2153 662 2214 miraculis
687 2158 758 2241 ab
776 2175 846 2241 eo
863 2103 1198 2231 ffrequenter
1220 2162 1279 2216 in
1304 2162 1548 2231 Caphar·

377 2244 550 2286 naum
576 2231 755 2301 factis,
773 2232 855 2286 illi
880 2231 950 2288 de
969 2233 1247 2289 Nazareth
1266 2231 1549 2304 indignati

376 2306 511 2357 sunt
531 2308 729 2357 contra
750 2318 902 2367 eum,
926 2319 1032 2359 nec
1051 2304 1360 2360 credebant
1382 2305 1550 2361 mira-

378 2373 507 2428 cula
520 2373 569 2442 ej
579 2389 642 2427 us
657 2387 780 2428 esse
801 2388 953 2441 vera,
968 2375 1084 2445 ipse
1102 2376 1329 2430 intuens
1350 2391 1548 2432 eorum

377 2441 571 2511 corda,
621 2443 1001 2514 objectionem
1062 2461 1260 2500 eorum
1315 2446 1549 2502 tacitam

378 2513 706 2585 sibimetipsi
737 2515 961 2584 obJecit,
983 2522 1047 2572 ut
1066 2517 1138 2572 ad
1163 2533 1289 2572 eam
1310 2533 1548 2590 congru·

377 2592 539 2641 enter
561 2587 946 2656 responderet.
974 2588 1134 2644 Unde
1145 2588 1412 2647 ‚subditur
1435 2607 1449 2647 :
1475 2592 1549 2647 Et

376 2660 459 2740 ap't
482 2659 601 2739 iilis
623 2658 799 2726 Jesus,
827 2659 1044 2715 scilicet
1071 2659 1281 2717 Scribis
1312 2666 1369 2716 et
1395 2663 1548 2716 Pha-

378 2745 588 2811 risaeis:
612 2732 810 2800 Utique
829 2731 1025 2787 dicetis
1046 2733 1205 2798 mihi,
1220 2733 1314 2802 qui
1338 2733 1549 2788 multos

378 2813 437 2855 m
463 2801 859 2883 capharnaum
880 2804 1097 2871 curavi,
1124 2804 1265 2858 hanc
1283 2805 1549 2859 similitu-

378 2873 580 2954 dinem,
611 2874 669 2928 ld
697 2880 781 2929 est
807 2875 1184 2946 objectionem
1212 2891 1247 2929 a
1275 2873 1544 2931 similitu-

382 2944 510 3000 dine
537 2945 740 3001 medici
764 2945 1074 3015 corporalis
1095 2945 1169 3001 ad
1196 2945 1551 3017 spiritualem

376 3021 701 3087 sumptam:
737 3018 966 3083 Medico,
1012 3034 1146 3073 cura
1193 3020 1449 3089 teipsum,
1493 3018 1551 3073 id

379 3091 465 3145 est
502 3094 629 3169 tuos
669 3091 1089 3160 compatriotaS,
1126 3090 1329 3159 quibus
1366 3089 1550 3160 magis

381 3163 594 3240 teneris
621 3160 950 3230 impendere
978 3161 1319 3217 beneficium
1347 3161 1554 3216 carita-

380 3235 471 3285 tis·
492 3230 663 3311 ‚Sicut
696 3230 850 3285 enim
884 3232 1135 3288 medicus
1174 3247 1343 3288 verus
1386 3231 1555 3287 citius

384 3304 443 3355 et
466 3300 734 3355 libentius
764 3309 926 3358 curat
950 3302 1197 3372 seipsum
1231 3309 1288 3358 et
1315 3302 1457 3358 alios
1482 3301 1557 3358 ad

386 3384 446 3433 se
494 3373 841 3450 pertinentes
890 3389 1060 3444 quam
1110 3380 1427 3441 extraneOS,
1478 3374 1558 3427 ita

387 3443 444 3496 et
472 3456 525 3495 e1
552 3441 817 3498 dicebant
847 3461 862 3501 ε
895 3445 952 3500 Si
976 3450 1040 3499 tu
1061 3444 1275 3501 faceres
1296 3460 1432 3500 vera
1451 3444 1558 3499 mi-

385 3512 603 3583 racula,
647 3513 812 3570 citius
855 3514 1069 3571 faceres
1107 3532 1196 3585 ea,
1237 3518 1296 3572 in
1333 3515 1558 3571 civitate

387 3588 504 3653 tua,
532 3587 815 3667 etnpotius
853 3586 1002 3642 inter
1045 3588 1392 3659 propinquos
1431 3592 1559 3641 tuos

388 3670 559 3738 quam
596 3663 748 3713 inter
783 3663 1101 3726 extraneos,
1138 3659 1296 3714 Unde
1331 3658 1561 3729 subjun-

386 3734 543 3799 gitur
582 3750 597 3785 e
638 3729 874 3798 Quanta,
913 3729 1207 3801 miracula,
1244 3730 1561 3785 audivimus

385 3802 542 3868 facta
566 3817 604 3857 a
633 3807 690 3857 te
728 3803 788 3856 in
823 3802 1232 3873 Gapharnaum,
1261 3803 1356 3870 fac
1391 3805 1442 3856 et
1472 3801 1559 3855 hic

387 3875 675 3954 inpatria
711 3877 830 3941 tua,
858 3872 918 3928 id
948 3879 1031 3929 est
1068 3872 1128 3928 in
1166 3880 1266 3928 tua
1310 3870 1559 3939 civitate,

388 3943 484 4001 uhi
529 3950 831 4015 conceptus
876 3960 935 4001 es
972 3948 1031 4002 et
1073 3945 1345 4011 nutrituS,
1371 3947 1460 3998 tot
1505 3948 1562 3998 et

386 4020 547 4073 tanta
586 4021 647 4070 ut
679 4016 975 4073 credamus
1008 4033 1022 4074 :
1059 4016 1214 4087 quia,
1252 4029 1382 4085 quae
1424 4013 1562 4068 facis

389 4088 542 4159 apud
572 4085 940 4159 alienigenaS,
972 4088 1153 4159 magis
1174 4086 1346 4143 debes
1375 4085 1562 4140 facere

391 4159 541 4228 apud
577 4163 704 4213 tuos
742 4160 1164 4229 compatriotae,
1193 4157 1376 4229 magis
1410 4155 1564 4210 enim

391 4230 604 4284 teneris
619 4229 899 4287 beneficia
927 4229 1255 4299 impendere
1281 4227 1393 4283 tuis
1416 4241 1564 4282 com-

395 4300 673 4370 patriotis,
690 4316 864 4381 quam
887 4301 1110 4356 alienis·
1133 4300 1305 4367 Quasi
1330 4296 1559 4354 dicant:

395 4369 572 4425 Multa
595 4371 915 4426 audivimus
941 4387 978 4426 a
1004 4375 1061 4426 te
1089 4368 1241 4426 facta
1270 4366 1566 4436 miracula,

1646 525 1882 583 sednon
1903 523 2186 580 credimus
2209 521 2365 593 quod
2389 522 2609 578 incerta
2627 521 2826 592 vulga-

1646 596 1727 653 vit
1753 597 1926 662 fama,
1950 610 2078 650 cum
2105 594 2259 663 apud
2290 608 2394 648 nos
2424 593 2564 648 nihil
2594 593 2708 650 tale
2743 591 2821 648 fe-

1647 668 1814 737 ceris,
1843 666 2045 738 quibus
2076 662 2509 721 convenientius
2537 663 2677 720 talia
2713 664 2819 720 im-

1648 739 1947 810 pendenda
1989 740 2154 794 erant
2195 735 2472 792 beneficia
2509 749 2681 805 quam
2725 750 2820 790 ce-

1646 811 1800 867 teris.
1823 809 1933 867 Sed
1961 807 2258 876 Dominus,
2283 812 2697 878 consequenter
2718 821 2824 860 re-

1645 880 1953 952 spondens,
1981 877 2231 934 ostendit
2259 878 2411 949 quod
2435 893 2547 934 non
2570 877 2822 933 dimitte-

1648 953 1749 1009 bat
1775 953 1922 1007 inter
1952 966 2046 1006 eos
2072 949 2259 1005 facere
2288 949 2566 1004 miracula
2592 952 2825 1018 propter

1652 1024 1846 1079 odium
1865 1021 2084 1092 patriae,
2094 1020 2185 1076 vel
2208 1018 2490 1076 derectum
2517 1019 2825 1088 potentiae3

1649 1094 1750 1151 sed
1785 1098 2017 1166 propter
2055 1105 2252 1148 eorum
2279 1090 2739 1146 incredulitatem
2771 1095 2831 1144 et

1652 1166 1948 1221 malitiam.
1986 1162 2148 1230 Quod
2203 1160 2360 1218 enim
2415 1161 2497 1217 ibi
2549 1158 2830 1216 miracula

1652 1251 1769 1292 non
1816 1234 2076 1302 faciebat,
2113 1248 2232 1289 non
2277 1236 2400 1289 erat
2446 1236 2680 1301 propter
2717 1229 2829 1286 hoc

1653 1307 1805 1378 quod
1837 1307 2084 1378 patriam
2112 1319 2275 1360 suam
2301 1303 2637 1373 despiceret,
2656 1314 2826 1372 quam

1653 1394 1757 1434 sua
1786 1377 2159 1446 conceptione
2190 1380 2248 1431 et
2276 1374 2615 1430 educatione
2643 1374 2825 1428 hono-

1654 1453 1901 1512 raverat,
1939 1447 2029 1502 vel
2077 1452 2311 1518 propter
2359 1447 2469 1501 hoc
2519 1443 2668 1515 quod
2709 1441 2828 1513 ipse

1655 1522 1941 1591 impotens
1976 1524 2156 1588 esset,
2180 1518 2281 1573 sed
2313 1517 2447 1588 quia
2477 1514 2584 1586 ipsi
2612 1514 2828 1584 indigni

1658 1597 1841 1648 erant.
1874 1592 1944 1646 Et
1976 1590 2047 1646 ad
2080 1592 2189 1645 hoc
2217 1588 2437 1643 inducit
2470 1602 2648 1642 sacrae
2680 1582 2831 1640 Scri-

1657 1667 1840 1733 pturae
1879 1660 2153 1731 exempla.
2197 1659 2356 1715 Unde
2391 1658 2690 1727 sequitur:
2728 1654 2830 1711 Ait

1657 1739 1840 1790 autem
1866 1736 2024 1788 Iesus
2047 1750 2067 1788 .·
2095 1732 2292 1793 Amen,
2324 1729 2381 1783 id
2411 1732 2494 1783 est
2521 1743 2673 1793 vere,
2703 1726 2829 1780 dico

1655 1806 1829 1868 vobis,
1853 1806 1989 1875 quia
2006 1817 2159 1857 nemo
2183 1801 2452 1870 Propheta
2475 1802 2727 1868 acceptus
2750 1800 2832 1851 est

1654 1879 1717 1931 in
1740 1879 1932 1946 patria
1963 1890 2089 1943 sua,
2120 1874 2181 1927 in
2211 1886 2324 1942 qua
2351 1876 2519 1925 natus
2547 1874 2652 1937 est,
2683 1871 2735 1924 et
2767 1869 2832 1922 in

1657 1948 1813 2003 domo
1849 1962 1973 2011 sua,
2004 1961 2072 2001 ex
2103 1959 2217 2014 qua
2257 1941 2568 1998 secundum
2599 1953 2834 1995 carnem

1657 2019 1961 2090 processit;
2002 2021 2059 2072 et
2096 2016 2230 2084 hoc,
2266 2019 2330 2068 ut
2367 2014 2426 2068 in
2461 2011 2716 2083 pluribus
2765 2025 2831 2064 ac

1658 2105 1789 2146 cum
1846 2088 2037 2145 debito
2095 2087 2314 2142 honore
2371 2089 2427 2139 et
2486 2081 2828 2139 reverentia.

1658 2163 1840 2217 Minus
1874 2160 2027 2216 enim
2059 2158 2208 2214 Elias
2244 2161 2303 2213 et
2328 2155 2501 2211 ceteri
2533 2154 2833 2223 Prophetae

1657 2231 1716 2288 in
1751 2232 1868 2287 suis
1908 2228 2231 2286 civitatibus
2275 2226 2506 2282 fuerunt
2541 2224 2829 2290 honorati,

1660 2318 1832 2375 quam
1853 2303 1913 2357 in
1941 2301 2094 2368 aliis3
2125 2297 2299 2354 lsaias
2323 2298 2477 2353 enim
2499 2299 2706 2363 sectuS,
2733 2296 2830 2350 Je-

1657 2376 1866 2431 remias
1896 2373 2281 2429 incarceratus
2316 2371 2374 2423 et
2401 2365 2577 2423 ceteri
2606 2364 2832 2433 vitupe-

1656 2445 1790 2503 rati.
1822 2447 1937 2500 Mos
1974 2444 2131 2498 enim
2167 2445 2226 2496 et
2259 2455 2406 2511 pene
2434 2436 2694 2493 naturale
2723 2441 2830 2504 est,

1659 2518 1809 2575 cives
1827 2515 2043 2572 civibus
2060 2513 2345 2580 invidere;
2368 2517 2426 2567 et
2445 2525 2562 2566 non
2587 2523 2832 2579 praesen·

1660 2592 1739 2647 tia
1754 2590 1862 2645 viri
1876 2602 2052 2659 opera
2070 2601 2176 2641 nec
2193 2584 2430 2639 virtutes
2447 2581 2828 2648 considerare,

1659 2662 1761 2717 sed
1807 2658 2062 2716 infantiae
2108 2656 2475 2728 fragilitatem
2515 2650 2827 2718 recordari,

1660 2732 1822 2803 quasi
1861 2746 1977 2786 non
2017 2735 2075 2784 et
2111 2728 2349 2797 ipsi-per
2387 2723 2619 2780 eosdem
2648 2720 2832 2775 aetatis

1661 2803 1870 2875 gradus
1895 2801 1967 2857 ad
1997 2802 2281 2855 maturam
2309 2800 2538 2851 aetatem
2568 2807 2835 2863 pervene-

1660 2875 1810 2942 rint3
1845 2873 1982 2928 dum
2014 2871 2166 2926 enim
2208 2866 2347 2924 civis
2386 2871 2444 2922 et
2484 2863 2836 2920 contribulus

1661 2946 1735 3001 ad
1753 2943 1993 3016 alicujus
2017 2938 2240 2998 virtutis
2258 2939 2346 2994 vel
2368 2936 2667 3009 probitatis
2692 2934 2834 2989 emi·

1663 3018 1920 3073 nentiam
1950 3013 2225 3080 ascendit,
2260 3011 2494 3082 ejusque
2527 3008 2678 3063 fama
2714 3021 2837 3060 cre·

1661 3088 1789 3157 scit,
1809 3087 2073 3144 concives
2089 3091 2147 3140 et
2165 3082 2473 3140 contribuli
2496 3080 2728 3151 quinon
2754 3077 2837 3131 sic

1663 3160 1991 3227 laudantur,
2009 3156 2142 3212 inde
2158 3152 2387 3226 gravius
2411 3150 2763 3230 sauciantur,
2782 3151 2840 3202 et

1665 3230 1951 3286 aestimant
1978 3243 2038 3282 se
2071 3224 2379 3290 contemni,
2407 3222 2455 3277 si
2481 3235 2562 3275 eis
2588 3219 2754 3273 laude
2785 3223 2843 3272 et

1666 3302 1820 3357 fama
1845 3295 2158 3371 probitatis,
2192 3292 2506 3365 praesertim
2532 3290 2721 3343 minor
2745 3303 2842 3358 ge-

1670 3387 1827 3438 nere,
1862 3368 2214 3439 praeferatur.
2263 3364 2407 3419 Hinc
2455 3360 2732 3415 habemus
2780 3358 2842 3413 in

1667 3440 1874 3511 ,Ioseph
1924 3436 2240 3506 exemplum
2289 3437 2550 3502 respectu
2597 3430 2840 3485 fratrum

1667 3526 1919 3569 suorum.
1946 3508 2103 3565 Unde
2128 3503 2428 3575 contingit,
2445 3501 2598 3574 quod
2619 3499 2842 3555 facilius

1668 3585 2072 3654 promoventur
2090 3576 2349 3633 homines
2364 3573 2428 3629 in
2445 3580 2602 3629 terra
2626 3571 2839 3639 aliena,

1669 3669 1839 3726 quam
1858 3651 1920 3708 in
1941 3649 2124 3730 patria
2152 3646 2402 3719 propria.
2425 3644 2650 3725 Idcirco·
2665 3641 2841 3714 igitur

1670 3741 1784 3781 non
1803 3740 1941 3780 curo
1960 3727 2206 3793 patriam
2224 3733 2413 3775 meam
2447 3730 2582 3787 quia
2603 3730 2655 3769 ei
2676 3728 2841 3769 acce-

1671 3802 1799 3869 ptus
1817 3810 1937 3851 non
1959 3809 2103 3858 sum,
2122 3798 2179 3847 et
2206 3791 2341 3862 quia
2360 3758 2534 3843 fidem
2555 3787 2615 3841 in
2633 3800 2701 3840 ea
2727 3798 2842 3864 non

1672 3868 1923 3937 invenio,
1940 3872 1997 3922 et
2010 3864 2147 3920 mihi
2158 3862 2305 3918 sicut
2316 3858 2490 3916 ceteri
2502 3872 2619 3938 non
2628 3855 2836 3923 cred1t;

1670 3946 1945 4010 tantoque
1969 3937 2155 3992 minus
2174 3948 2266 3990 me
2294 3934 2601 4003 cognoscit,
2630 3930 2840 4007 quanto

1671 4013 1796 4083 plus
1826 4024 1942 4079 prae
1971 4007 2174 4065 ceteris
2202 4020 2293 4060 me
2321 4007 2519 4057 notum
2547 3999 2764 4054 habuit.

1743 4104 1774 4153 7
1793 4081 1909 4138 Cun
1926 4082 2171 4136 Donamus
2185 4091 2365 4133 Num
2378 4089 2539 4129 smus
2551 4084 2768 4126 ηας-,ΜΤ
2787 4082 2844 4123 n«

1672 4149 2008 4211 Nmmn?
2044 4181 2099 4190 -
2130 4151 2198 4203 Et
2224 4148 2359 4218 quia
2384 4160 2504 4200 non
2532 4147 2655 4198 erat
2679 4153 2843 4195 acce-

1674 4231 1802 4295 ptus
1831 4224 1934 4292 eis,
1965 4236 2071 4277 nec
2106 4220 2159 4276 ei
2188 4216 2517 4284 credebant,
2547 4212 2698 4292 ideo,
2727 4211 2844 4264 vir·

1675 4300 1817 4351 tutes
1841 4294 2067 4360 multas,
2084 4291 2142 4347 id
2171 4295 2256 4345 est
2282 4289 2450 4359 signa
2473 4290 2533 4341 et
2549 4280 2845 4363 miracula,

1673 4366 1757 4420 ibi
1794 4367 1976 4433 facere
2001 4378 2112 4417 non
2139 4362 2380 4432 poterat,
2411 4372 2528 4413 non
2565 4354 2637 4410 de
2664 4366 2848 4423 impo-
