3146 5023
905 376 986 428 DE
1041 376 1294 430 DUOBUS
1351 379 1549 433 caecls
1603 378 1690 436 ET*
1735 382 1862 433 UNO
1919 383 2124 437 MUTO.
2690 397 2749 449 35

282 482 705 541 manum.nnde
719 480 1125 552 praedicatores
1152 485 1465 544 obtulerunt

282 556 526 612 Domino
554 555 824 609 hominem
838 558 1070 621 mutum,
1095 555 1150 610 id
1178 563 1265 612 est
1286 574 1464 628 genus

283 628 618 693 humanum,
639 631 857 680 mutum
878 640 912 679 a
934 626 1280 683 confessione
1305 627 1462 701 fidei,

282 697 633 754 daemonium
685 696 991 752 habentem
1032 701 1088 751 et
1126 698 1463 756 idololatriae

281 767 561 824 deditum.
593 767 723 834 Sed,
755 767 924 836 ejecto
946 767 1225 836 daemonio,
1256 775 1308 825 et
1337 772 1463 827 ido·

279 839 514 895 lolatria
548 838 772 906 relicta,
815 840 1026 893 locutus
1068 845 1150 894 est
1173 846 1379 909 mutus,
1409 848 1465 898 et

278 910 572 966 Christum
598 908 909 965 confessus,
948 911 1053 964 Per
1084 909 1253 967 istum
1290 914 1461 970 etiam

278 988 531 1051 mutum,
571 980 830 1050 signatur
857 980 1097 1050 quilibet
1127 983 1297 1038 homo
1333 1001 1462 1054 pos-

277 1068 468 1108 sessus
498 1068 533 1107 a
561 1052 824 1106 daemone
852 1067 957 1121 per
986 1060 1278 1119 peccatum
1305 1071 1463 1111 mor-

275 1123 416 1180 tale.
478 1125 548 1178 Et
604 1122 812 1176 dicitur
864 1127 1072 1191 mutus,
1120 1125 1254 1193 quia
1307 1125 1459 1197 loqui

276 1211 401 1251 non
424 1199 615 1266 potest
639 1191 927 1248 meritorie
950 1209 965 1261 ;
995 1194 1092 1249 sed
1122 1195 1237 1250 Deo
1267 1212 1466 1254 curan-

277 1266 391 1321 dus
420 1264 681 1332 offertur,
713 1263 943 1333 quando
969 1265 1103 1333 justi
1134 1281 1237 1336 pro
1266 1283 1331 1322 eo
1363 1270 1466 1325 de-

272 1341 617 1408 precantur,
665 1341 721 1390 et
767 1337 906 1391 tunc
940 1335 1165 1393 daemon
1219 1338 1463 1408 ejicitur,

276 1408 520 1479 quando
575 1410 869 1477 peccatum
925 1407 1096 1477 ipsius
1143 1426 1177 1465 a
1220 1410 1335 1465 Deo
1368 1427 1468 1481 per

274 1478 628 1536 infusionem
677 1478 877 1548 gratiae
929 1479 1247 1548 relaxatur,
1302 1486 1469 1537 tunc·

276 1566 403 1622 que
432 1549 664 1605 solvitur
695 1549 817 1618 ejus
843 1546 1060 1618 lingua,
1092 1552 1162 1607 ad
1202 1553 1303 1607 Dei
1331 1569 1471 1622 prae-

274 1621 455 1678 conia
507 1619 900 1689 persolvenda.
953 1621 1188 1686 Quando
1237 1623 1390 1679 enim
1433 1641 1470 1681 a

277 1693 550 1750 daemone
629 1706 730 1760 per
789 1699 1086 1760 peccatum
1151 1696 1470 1765 possidetur

275 1764 431 1834 quss,
464 1763 511 1816 si
549 1766 933 1830 convertatur,
985 1768 1041 1819 et
1087 1765 1158 1820 ad
1196 1767 1470 1836 poeniten-

275 1836 424 1890 tiam
455 1834 674 1898 redeat,
709 1849 835 1887 mox
869 1834 1088 1891 videbis
1125 1844 1344 1892 mutum
1383 1838 1466 1893 lo-

275 1910 581 1977 quentem,
616 1904 795 1960 Deum
835 1904 1182 1966 laudantem.
1208 1909 1465 1977 seipsum

275 1981 673 2042 accusantem,
716 1982 773 2030 et
819 1977 1115 2032 veritatem
1154 1979 1469 2049 praedican-

278 2047 911 2104 tem.Pharisaeiautem
933 2049 1041 2104 hoc
1054 2049 1466 2106 daemoniorum

278 2116 534 2189 principi
586 2118 988 2187 attribuenteS,
1037 2128 1169 2175 sunt
1208 2120 1467 2177 homines

279 2187 549 2260 maligni,
580 2188 730 2244 bona
778 2189 1020 2245 aliorum
1072 2191 1381 2261 depravare
1412 2198 1469 2249 et

278 2266 617 2332 pervertere
645 2262 956 2317 studentes,
981 2261 1251 2318 Dominus
1276 2271 1466 2320 autem

276 2347 402 2387 non
448 2331 758 2387 desistebat
809 2347 842 2386 a
882 2332 1305 2401 praedicatione,
1346 2352 1472 2405 pro-

275 2408 408 2475 pter
438 2402 669 2457 illorum
724 2401 1204 2473 depravationem,
1261 2407 1473 2463 docens

276 2491 386 2531 nos
415 2473 838 2530 accusatoribus
874 2476 1084 2532 nostris
1130 2477 1469 2549 retribuere,

274 2563 397 2602 non
420 2547 832 2615 accusationes,
853 2548 953 2603 sed
981 2547 1280 2606 beneficia.
1313 2552 1472 2606 Unde

276 2618 360 2675 ait
399 2620 815 2687 chrysostomus
846 2637 863 2672 .·
906 2637 935 2672 «
983 2620 1172 2675 Voluit
1200 2620 1472 2677 Dominus

277 2691 402 2761 ipso
456 2688 609 2744 facto
653 2690 1072 2746 accusationem
1130 2692 1473 2763 redarguere

283 2761 730 2825 Pharisaeorum,
761 2759 1105 2816 dicentium:
1132 2765 1196 2818 1η
1222 2766 1476 2835 principe

281 2833 683 2888 daemoniorum
713 2830 865 2899 ejicit
890 2833 1161 2888 daemom‘a
1188 2853 1205 2889 ε
1248 2835 1473 2890 daemon

283 2905 444 2959 enim
496 2904 808 2958 convitium
866 2919 1058 2973 passus
1097 2921 1214 2960 non
1242 2905 1473 2961 benefa-

283 2973 387 3045 cit,
420 2973 525 3029 sed
578 2980 747 3029 nocet
785 2975 865 3029 eis
913 2976 1009 3044 qui
1059 2992 1190 3032 eum
1240 2976 1477 3032 inhono-

280 3049 421 3102 rant
446 3061 461 3113 ;
498 3045 772 3100 Dominus
800 3052 991 3101 autem
1016 3048 1364 3102 contrarium
1393 3047 1475 3103 sa-

284 3118 385 3185 cit,
442 3115 541 3187 qui
593 3123 717 3186 post
742 3118 983 3173 convitia
1012 3124 1069 3174 et
1107 3119 1478 3174 contumelias

283 3203 407 3243 non
444 3188 627 3242 solum
649 3204 764 3242 non
783 3188 1021 3259 punivit,
1058 3191 1155 3245 sed
1184 3190 1356 3245 etiam
1376 3205 1477 3244 uec

283 3259 635 3329 increpavit,
668 3258 924 3329 quinimo
979 3259 1259 3316 beneficia
1327 3276 1475 3331 prae-

283 3331 469 3387 stitit:
505 3349 535 3383 »
581 3331 702 3385 haec
749 3332 1186 3403 chrysostomus,

358 3407 394 3457 6
430 3404 767 3458 Pmmcum
819 3420 884 3457 m·
905 3421 1175 3459 umanum
1233 3403 1472 3458 Cnms'n.

290 3503 361 3514 —
388 3474 556 3528 Unde
580 3474 837 3543 sequitur
864 3496 876 3530 :
906 3478 979 3530 Et
999 3474 1266 3531 circuibat
1301 3476 1478 3541 lesus,

285 3545 400 3601 hoc
459 3548 548 3599 est
600 3551 802 3600 contra
859 3547 1233 3618 negligenteS,
1300 3559 1479 3599 omnes

285 3618 551 3672 civitates
577 3620 627 3671 et
653 3617 904 3684 castella,
929 3618 985 3671 id
1021 3625 1107 3672 est
1137 3615 1329 3671 omnia
1353 3615 1482 3670 loca

288 3686 521 3757 majora
583 3691 642 3742 et
700 3689 963 3755 minora3
1012 3689 1122 3744 hoc
1168 3692 1254 3742 est
1279 3691 1481 3741 contra

289 3759 553 3813 locorum
584 3757 677 3812 vel
702 3773 1073 3828 personarum
1126 3763 1477 3827 acceptoreS.

289 3828 458 3885 Unde
517 3829 851 3900 Theophilus
906 3848 923 3884 ε
975 3848 1003 3883 «
1047 3832 1169 3886 Non
1209 3831 1388 3884 solum
1422 3828 1482 3882 in

291 3897 622 3955 civitatibus
664 3901 936 3956 Dominus
973 3901 1339 3971 praedicabat,
1384 3898 1482 3953 sed

290 3971 471 4026 etiam
503 3969 564 4025 in
593 3972 861 4038 castelliS,
895 3978 956 4027 ut
995 3973 1273 4028 discamus
1312 3984 1485 4040 parva

292 4040 425 4097 loca
480 4057 601 4096 non
665 4058 956 4112 spernere,
1012 4059 1198 4115 neque
1247 4056 1485 4113 magnas

291 4126 528 4182 semper
547 4128 806 4184 quaerere
820 4115 1098 4185 civitates,
1116 4114 1217 4170 sed
1243 4115 1483 4192 verbum

292 4184 399 4240 Dei
434 4185 495 4238 iu
528 4185 666 4240 vicis
702 4185 939 4255 abjectis
974 4193 1031 4241 et
1073 4184 1280 4241 vilibus
1309 4197 1483 4238 semi-

291 4269 458 4312 nare.
494 4273 525 4307 »
575 4254 889 4326 Circuibat,
919 4258 1175 4328 inquam,
1205 4256 1400 4311 docens
1424 4255 1487 4308 in

289 4328 602 4399 synayoqis
632 4343 838 4399 eorum,
863 4328 930 4383 .id
959 4333 1043 4384 est
1070 4327 1129 4383 in
1161 4327 1299 4384 locis
1327 4339 1486 4381 com-

1572 488 1843 543 munibus
1881 494 1937 543 et
1967 486 2191 557 debitis,
2226 493 2320 549 ubi
2351 502 2473 552 erat
2503 514 2749 557 conven-

1575 563 1665 614 tus
1690 558 2006 622 hominum,
2039 578 2166 619 non
2202 564 2261 619 in
2290 565 2563 639 latibulis,
2605 572 2751 627 sicut

1577 646 1699 685 mos
1729 636 1813 685 est
1838 631 2154 704 haeretici33
2177 638 2549 706 etpraedicans
2574 644 2756 698 Evan-

1575 701 1780 768 qelium
1800 705 1976 770 requi,
2032 704 2088 759 id
2138 712 2223 760 est
2267 708 2472 784 Legem
2515 714 2754 783 Novam,

1577 787 1702 842 quae
1760 772 2084 829 immediate
2133 776 2285 832 ducit
2352 781 2422 834 ad
2485 797 2752 853 regnum,

1619 843 1729 897 uod
1760 858 1875 897 non
1923 844 2166 902 faciebat
2211 848 2318 904 Lex
2370 852 2580 922 Vetu3‚
2637 872 2754 912 non

1599 913 1851 981 abulosa,
1885 914 2131 984 inutilia,
2164 919 2248 973 vel
2277 922 2533 991 curiosa3
2566 931 2619 981 et
2657 943 2751 982 eu-

1572 999 1707 1040 rans
1736 999 1944 1040 omnem
1975 988 2287 1056 lanquorem
2321 995 2619 1065 prolixum,
2653 999 2756 1069 qui

1573 1054 1707 1110 licet
1734 1071 1846 1111 non
1869 1057 1943 1111 sit
1966 1073 2034 1112 ex
2061 1074 2119 1114 se
2144 1062 2381 1117 multum
2423 1067 2755 1140 vehemens»,

1568 1132 1776 1198 gravat
1803 1131 1996 1182 tamen
2030 1146 2096 1185 ex
2126 1131 2519 1205 diuturnitate,
2553 1143 2605 1194 et
2636 1156 2754 1196 om-

1576 1213 1699 1252 nem
1741 1199 2140 1268 infirmitatem,
2181 1203 2397 1259 scilicet
2448 1208 2755 1265 vehemen-

1579 1274 1716 1339 tem,
1747 1283 1874 1338 quae
1903 1277 2104 1341 gravat
2128 1287 2193 1326 ex
2232 1275 2507 1342 passionis
2535 1281 2756 1335 acerbi-

1579 1342 1736 1394 tate:
1788 1346 1850 1394 ut
1890 1356 2006 1395 non
2061 1357 2323 1397 sermone
2372 1351 2614 1416 tantum,
2657 1352 2758 1406 sed

1581 1414 1640 1464 et
1669 1424 1842 1477 opere
1880 1412 2262 1478 persuaderet.
2305 1415 2384 1468 Ex
2429 1431 2542 1485 quo
2596 1427 2754 1491 patet

1583 1479 1764 1535 multa
1790 1480 2066 1536 miracula
2096 1482 2189 1537 hic
2220 1484 2275 1538 in
2305 1487 2550 1555 quodam
2580 1507 2755 1562 gene-

1581 1551 1688 1605 rali
1716 1551 2001 1618 conclusa,
2034 1552 2105 1607 ad
2127 1554 2619 1617 confirmationem
2651 1562 2762 1619 Le·

1581 1621 1667 1692 gis
1697 1621 2050 1692 Evangelicae
2082 1639 2117 1679 a
2145 1624 2371 1681 Christo
2424 1628 2591 1687 sacta.
2653 1634 2754 1689 Hic

1582 1690 1735 1747 enim
1763 1700 2052 1761 ponuntur
2091 1696 2362 1752 miracula
2393 1697 2453 1753 in
2483 1704 2762 1774 generali,

1581 1763 1716 1831 quia
1746 1765 2121 1822 Evanoelistae
2168 1783 2281 1823 non
2320 1774 2587 1839 poterant
2634 1791 2760 1831 om-

1578 1834 1676 1888 nia
1721 1833 1870 1891 facta
1899 1806 2107 1893 &bristi
2134 1839 2383 1895 scribere
2418 1842 2475 1897 in
2505 1846 2757 1915 particu-

1579 1903 1707 1979 lari.
1756 1908 1917 1976 Nam,
1967 1914 2027 1963 ut
2076 1907 2214 1964 dicit
2249 1913 2498 1969 Joannes
2529 1938 2541 1972 ε
2577 1919 2763 1975 Multa

1575 1977 1695 2029 alia
1746 1979 1909 2045 siqna
1955 1981 2089 2046 fecit
2136 1983 2311 2053 Jews,
2343 2000 2464 2053 quae
2502 2003 2611 2043 non
2635 1995 2767 2045 sunt

1576 2050 1788 2117 scripta
1837 2050 1897 2103 in
1943 2051 2084 2106 libro
2135 2053 2250 2107 hoc.
2308 2055 2464 2109 Sicut
2495 2060 2646 2113 enim
2700 2059 2760 2115 in

1577 2117 1827 2173 Ecclesia
1864 2119 2090 2185 legitur,
2127 2129 2184 2176 et
2210 2124 2418 2178 dicitur
2458 2127 2516 2180 in
2545 2131 2756 2199 Marty-

1573 2187 1794 2259 rologio
1821 2207 1834 2246 :
1865 2192 1938 2244 Et
1975 2193 2212 2247 aliorum
2243 2195 2607 2263 plurimorum
2632 2215 2762 2255 san-

1576 2263 1783 2314 ctorum
1794 2262 2105 2331 Martyrum
2117 2315 2121 2323 ,
2133 2268 2184 2319 et
2197 2264 2573 2333 confessorum
2583 2320 2590 2333 ‚
2600 2274 2769 2341 atque

1578 2336 1897 2386 sanctarum
1933 2336 2267 2404 Virqinum3
2306 2339 2412 2393 bac
2440 2341 2659 2397 scilicet
2693 2344 2763 2399 de

1581 2417 1767 2472 causa,
1809 2404 1943 2473 quia
1974 2406 2208 2462 Carolus
2235 2411 2472 2480 Magnus
2509 2411 2643 2468 fecit
2668 2412 2764 2469 in-

1581 2474 1732 2543 quiri
1780 2474 2085 2548 diligenter
2130 2479 2315 2537 obitus
2350 2486 2405 2537 ct
2434 2488 2594 2539 actus
2621 2487 2765 2541 Mar-

1582 2552 1790 2617 tyrum,
1823 2554 1879 2602 et
1916 2551 2158 2605 aliorum
2199 2553 2558 2620 Sanctorum,
2592 2560 2650 2609 et
2672 2557 2760 2610 in-

1582 2624 1814 2672 ventum
1853 2627 1937 2674 est
1984 2621 2138 2692 quod
2169 2623 2368 2678 diebus
2401 2623 2638 2696 singulis
2668 2642 2761 2682 oc-

1584 2689 1893 2745 currebant
1936 2692 2061 2762 plus
2103 2707 2271 2760 quam
2303 2700 2560 2752 trecenta
2596 2696 2759 2768 festa,

1587 2766 1816 2829 propter
1845 2763 1997 2832 quod
2023 2766 2294 2820 statutum
2327 2771 2432 2834 est,
2465 2773 2528 2823 ut
2559 2768 2618 2822 in
2645 2768 2763 2823 fine

1586 2832 1994 2902 Martyrologii,
2028 2835 2271 2890 addatur
2320 2836 2573 2891 clausula
2610 2853 2764 2906 prae-

1588 2902 1758 2961 dicta.
1787 2905 1850 2955 ut
1897 2905 2097 2957 saltem
2132 2904 2189 2958 in
2224 2906 2480 2984 generali
2511 2906 2611 2960 fiat
2650 2923 2767 2963 me-

1588 2971 1771 3026 moria
1820 2971 2178 3042 Sanctorum,
2234 2989 2294 3027 111
2354 2973 2446 3028 die
2494 2977 2766 3032 transitus

1589 3055 1807 3097 eorum.
1846 3041 1926 3095 Ita
1957 3042 2220 3097 similiter
2272 3048 2330 3097 et
2367 3044 2763 3118 Evangelistae,

1590 3113 1726 3184 quia
1779 3127 1897 3166 non
1940 3116 2205 3183 poterant
2243 3115 2438 3170 omnia
2489 3119 2768 3175 miracula

1591 3183 1802 3239 Christi
1836 3185 1894 3238 in
1938 3186 2271 3256 particulari
2319 3187 2593 3258 scribere,
2635 3191 2764 3247 ideo

1589 3254 1919 3326 frequenter
1954 3257 2135 3313 multa
2162 3259 2507 3315 concludunt
2538 3262 2596 3316 in
2624 3278 2768 3334 qua·

1589 3325 1719 3380 dam
1767 3327 2161 3397 generalitate,
2206 3331 2354 3386 sicut
2402 3339 2560 3402 patet
2587 3334 2681 3390 hic
2713 3340 2770 3391 et

1590 3396 1727 3453 alibi
1757 3396 1820 3452 in
1850 3398 2086 3456 diversis
2112 3401 2252 3457 locis
2287 3403 2602 3476 Evangelii.
2644 3406 2768 3463 Cir-

1592 3468 1783 3524 cuibat
1812 3485 1947 3543 ergo
2005 3473 2182 3543 Jesus,
2230 3490 2348 3530 non
2377 3478 2450 3532 ad
2496 3477 2772 3553 devoran-

1592 3540 1725 3595 dum
1757 3546 1815 3595 et
1856 3542 2228 3613 perdendum,
2274 3547 2370 3601 sed
2402 3548 2475 3602 ad
2523 3549 2771 3604 maxima

1589 3611 1867 3668 beneficia
1900 3617 1980 3670 eis
2006 3615 2360 3672 afferendum
2389 3635 2403 3674 :
2435 3633 2610 3672 unum
2640 3619 2769 3688 qui-

1594 3683 1743 3750 dem,
1758 3686 1922 3756 regni
1944 3686 2313 3756 Evangelium
2335 3703 2361 3756 ;·
2377 3687 2533 3742 aliud
2551 3694 2767 3757 autem,

1594 3754 1848 3809 omnium
1917 3757 2325 3827 aegritudinum
2374 3756 2769 3830 curationem;

1595 3825 1655 3879 in
1710 3839 1956 3894 quorum
2015 3825 2194 3896 primo
2247 3827 2398 3882 salus
2426 3827 2773 3897 animarum,

1595 3895 1652 3950 in
1696 3895 1949 3949 secundo
1972 3897 2121 3951 salus
2162 3911 2465 3965 corporum
2515 3899 2776 3968 exprimi-

1595 3971 1723 4031 tur3
1780 3972 1839 4019 et
1885 3966 2014 4021 illos
2060 3981 2201 4035 quos
2245 3982 2484 4036 corpore
2536 3971 2777 4027 sanabat

1597 4034 1931 4105 extrinscuS,
1965 4031 2134 4091 etiam
2169 4042 2360 4092 mente
2413 4039 2653 4094 sanabat
2696 4042 2778 4097 in-

1597 4107 1906 4162 trinsecus,¹
1952 4106 2219 4164 Omnium
2264 4110 2494 4180 quidem
2534 4111 2777 4169 salutem

1599 4177 1921 4249 affectabat,
1958 4184 2015 4234 et
2058 4180 2270 4236 bonum
2323 4197 2621 4240 commune
2661 4201 2778 4242 ma-

1599 4250 1686 4322 gis
1723 4264 1894 4320 quam
1923 4252 2205 4322 privatum
2236 4254 2597 4324 procurabat.
2644 4257 2778 4329 Sed,

1600 4323 1745 4392 proh
1774 4322 1970 4380 dolori
2012 4324 2183 4380 hodie
2227 4327 2439 4382 bonum
2470 4328 2779 4399 privatum,
