3146 5023
392 382 456 436 26
1060 382 1286 435 1²81!AE
1338 382 1592 437 PARTIS
1642 384 1861 437 cunr
1914 383 2167 437 xtvm.

392 487 688 547 scientiam
720 504 904 557 suam,
934 503 1064 559 quae
1105 489 1308 544 domus
1362 489 1567 545 animae

394 566 500 628 est,
530 561 811 629 discutiat,
840 566 898 615 et
933 561 980 615 si
1028 559 1166 629 quid
1208 560 1288 615 ibi
1317 560 1565 616 immun·-

392 630 530 688 dum
598 632 898 696 invenerit,
954 645 1058 700 per
1113 646 1192 699 os,
1245 632 1411 701 quasi
1466 647 1567 700 per

392 702 625 766 ostium,
666 701 991 757 confitendo
1037 701 1333 771 projiciat;
1374 718 1410 757 a
1450 718 1564 772 qua

391 771 566 828 homo
605 789 706 842 per
736 772 1158 829 multitudinem
1205 778 1564 842 peccatorum

392 842 474 901 ita
502 844 803 912 alienatur,
842 843 994 915 quod
1031 843 1193 914 quasi
1231 844 1410 914 ipsam
1436 859 1563 915 per-

394 912 491 970 dat
514 921 570 969 et
597 916 846 984 seipsum
883 929 999 969 non
1028 919 1352 985 cognoscat.
1386 917 1565 970 Homo

393 998 530 1054 ergo
579 987 936 1057 paralyticus,
971 986 1079 1041 hoc
1120 990 1208 1040 est
1244 986 1481 1042 mollitie
1510 990 1568 1040 et

392 1054 676 1111 illecebris
710 1059 917 1121 carnis,
949 1055 1036 1110 vel
1073 1055 1361 1127 voluptate
1390 1058 1563 1112 seculi

391 1128 692 1196 resolutus,
735 1134 794 1182 et
838 1135 1085 1198 torpens,
1129 1142 1196 1183 ac
1235 1144 1352 1199 prae
1398 1127 1565 1183 turba

390 1196 800 1267 cogitationum
829 1204 886 1254 et
921 1213 1218 1255 causarum
1268 1200 1443 1255 seculi
1490 1197 1567 1254 vi·

393 1267 528 1324 dere
587 1271 764 1324 Deum
817 1285 935 1325 non
994 1269 1209 1339 valenS,
1270 1278 1566 1340 postquam

390 1352 565 1406 supra
611 1347 824 1395 tectum
878 1339 1064 1395 carnis
1108 1341 1444 1408 ascenderit,
1504 1347 1568 1394 ut

391 1411 621 1479 spiritus
649 1412 973 1466 dominetur
990 1412 1169 1480 carni,
1192 1411 1346 1466 videt
1364 1414 1564 1478 Deum,

392 1484 452 1536 et
477 1481 551 1536 ad
580 1481 962 1553 cognitionem
1003 1483 1102 1538 Dei
1133 1499 1266 1539 vere
1303 1485 1467 1539 redit.
1503 1485 1569 1537 Et

390 1555 526 1606 tunc
557 1554 705 1624 Deus
729 1569 859 1609 eum
891 1560 1055 1609 sanat
1091 1570 1193 1624 per
1221 1555 1464 1625 gratiam
1493 1554 1565 1609 ab

391 1624 549 1678 omni
592 1626 745 1694 quod
792 1624 1049 1694 deliquit,
1077 1630 1135 1680 et
1175 1630 1344 1681 vocat
1384 1626 1563 1680 silium

391 1708 495 1763 per
532 1695 915 1763 adoptionem,
942 1702 999 1749 et
1035 1697 1200 1767 jubet
1237 1712 1469 1766 surgere
1496 1698 1564 1750 de

391 1770 621 1833 torpore
666 1766 1047 1835 negligentiae,
1087 1772 1141 1821 et
1174 1782 1232 1821 se
1280 1770 1502 1835 erigere
1531 1782 1565 1821 a

391 1835 714 1890 carnalibus
776 1837 1069 1891 desideriis
1128 1853 1230 1907 per
1283 1838 1563 1906 poeniten-

390 1905 569 1972 tiam;
609 1913 667 1960 et
713 1922 916 1975 corpus
963 1909 1021 1961 in
1068 1909 1226 1978 cujus
1271 1908 1566 1964 desideriis

388 1976 586 2101 {acum
614 1977 686 2032 ad
720 1977 1067 2048 voluptatem
1116 1980 1350 2048 spiritus
1392 1981 1560 2034 attol-

416 2063 532 2115 ere,
559 2064 625 2102 ac
654 2049 811 2103 carni
831 2049 1111 2106 dominari
1142 2065 1245 2119 per
1266 2052 1564 2105 continen-

394 2116 570 2187 tiam3
600 2121 762 2175 ctire
806 2136 873 2175 ac
918 2121 1163 2176 tendere·
1202 2136 1302 2190 per
1353 2121 1561 2176 bonam

394 2192 806 2259 operationem,
841 2195 898 2245 et
941 2193 1234 2248 honestam
1271 2208 1569 2247 conversa-

398 2258 634 2329 tionem,
664 2262 724 2316 in
755 2264 985 2317 domum
1013 2279 1195 2331 suam,
1223 2263 1435 2318 scilicet
1466 2280 1565 2332 pa-

394 2333 671 2399 radisum,
702 2348 829 2403 quae
867 2335 1046 2401 prima
1070 2334 1175 2389 fuit
1204 2333 1449 2388 hominis
1473 2336 1568 2388 do-

398 2416 543 2469 mus,
574 2404 681 2457 hoc
726 2412 809 2459 est
849 2405 907 2458 in
946 2406 1357 2460 habitationem
1399 2412 1564 2460 aeter-

394 2486 552 2537 nam,
611 2474 697 2528 vel
753 2474 813 2530 in
871 2476 1078 2531 bonam
1137 2476 1563 2543 conscientiam,

393 2552 730 2615 segregatus
772 2563 805 2601 a
845 2548 1086 2602 terrenis
1138 2555 1196 2603 et
1245 2550 1568 2602 custodiens

390 2612 571 2683 illam,
601 2617 687 2671 vel
717 2634 788 2672 ne
821 2618 1025 2674 iterum
1069 2625 1260 2686 peccet
1289 2621 1361 2673 ad
1388 2620 1567 2673 inter-

391 2701 523 2741 nam
554 2688 642 2741 sui
677 2690 1007 2745 custodiam.
1039 2690 1143 2745 Ubi
1164 2690 1312 2744 Beda
1339 2707 1357 2744 ε
1386 2708 1414 2742 «
1440 2689 1566 2757 Spi-

390 2757 676 2814 ritualiter
721 2761 790 2815 de
842 2761 984 2814 lecto
1029 2777 1263 2831 surgere
1315 2766 1398 2815 est
1450 2762 1570 2816 ani-

389 2843 543 2885 mam
595 2845 629 2884 a
694 2831 1016 2887 carnalibus
1087 2831 1439 2905 desideriis„
1474 2832 1567 2887 ubi

391 2914 546 2971 aegra
577 2899 925 2971 quiescebat,
953 2904 1305 2959 abstrahere.
1331 2905 1562 2959 Lectum

391 2986 530 3026 vero
579 2974 779 3028 tollere
822 2979 910 3029 est
949 2976 1129 3043 ipsam
1167 2990 1394 3044 quoque
1435 2990 1563 3029 car-

391 3057 525 3097 nem
542 3059 652 3112 ,per
672 3046 1036 3101 continentiae
1060 3047 1220 3101 frena
1243 3052 1564 3115 correptam

390 3127 490 3191 spe
552 3116 864 3172 coelestium
928 3119 1314 3187 praemiorum,
1356 3118 1571 3172 deliciis

393 3198 620 3262 pri-vare
687 3188 961 3255 terrenis;
1014 3193 1098 3241 est
1150 3188 1305 3242 enim
1366 3188 1567 3254 lectuS,

393 3267 655 3379 3⁰¹·per
707 3257 958 3327 singulas
1015 3263 1211 3313 noctes
1261 3258 1483 3313 lavatur
1534 3276 1569 3313 a

445 3324 595 3401 avid,
624 3325 680 3378 id
706 3334 791 3380 est
821 3344 920 3395 pro
943 3328 1380 3398 uniuscujusque
1408 3345 1567 3384 noxae

394 3394 631 3473 maculis
697 3397 868 3465 digno
922 3401 1268 3467 poenitentiae
1327 3400 1563 3455 flumine

393 3470 722 3543 castigatur.
759 3467 991 3523 Sublato
1042 3475 1234 3525 autem
1272 3470 1439 3537 lecto,
1472 3473 1568 3525 do-

394 3549 552 3590 mum
601 3552 707 3601 ire,
749 3541 820 3593 ad
861 3540 1181 3607 paradisum
1225 3541 1412 3596 redire
1444 3548 1562 3610 est3

392 3606 513 3676 ipse
538 3612 629 3687 est·
649 3607 802 3665 enim
831 3626 965 3665 vera
986 3611 1208 3680 domuS,
1233 3628 1360 3682 quae
1383 3614 1564 3668 homi-

391 3691 525 3733 nem
549 3693 730 3747 prima
757 3682 1022 3751 suscepit,
1052 3698 1165 3738 non
1182 3684 1311 3754 jure
1337 3685 1562 3751 amissa,

394 3750 496 3805 sed
525 3749 745 3822 fraude,
775 3754 1120 3825 tandemque
1164 3756 1427 3811 restituta
1464 3770 1566 3825 per

1675 504 1826 558 eum,
1853 487 1950 558 qui
1978 485 2339 543 fraudulento
2377 487 2526 544 hosti
2562 487 2707 546 nihil
2743 491 2849 549 de-

1676 560 1818 615 buit.
1850 577 1879 612 »
1918 557 2022 614 Ubi
2067 565 2129 614 et
2173 557 2471 614 Anselmus
2511 579 2532 615 ε
2567 556 2608 613 ὦ
2643 562 2756 618 Sed
2790 571 2851 621 et

1676 631 1908 686 domum
1961 629 2115 685 illam
2175 644 2292 684 non
2350 633 2690 703 praeteribis,
2747 634 2850 691 nbi

1676 717 1776 771 per
1828 701 2045 827 ιοῗῆις
2089 701 2447 771 paralyticus,
2489 708 2623 758 ante
2672 704 2846 774 pedes

1675 773 1796 844 ejus
1832 788 1896 827 su
1940 772 2201 841 mittitur,
2233 772 2325 827 uhi
2368 772 2547 841 pietas
2585 781 2644 829 et
2688 781 2850 844 pote-

1674 851 1786 898 stas
1803 842 2176 899 obviaverunt
2200 843 2329 898 sibi.
2362 846 2493 908 Fili,
2521 844 2728 916 inquit,
2756 863 2849 902 re-

1673 916 1971 969 mittuntur
2022 914 2131 969 tibi
2173 918 2399 984 peccata
2450 922 2569 972 tua.
2603 916 2647 972 Ο
2697 917 2846 974 mira

1676 985 2004 1041 clementia!
2027 986 2071 1041 Ο
2093 985 2397 1040 indicibilis
2426 988 2851 1045 misericordial

1674 1057 1905 1126 Accepit
1932 1055 2060 1111 felix
2085 1057 2473 1112 remissionem
2491 1064 2853 1131 pecoetorum

1677 1143 1930 1195 suorum,
1988 1142 2159 1198 quam
2216 1142 2331 1182 non
2389 1129 2637 1197 petebat,
2675 1144 2849 1200 quam

1678 1214 1790 1253 non
1827 1203 2195 1267 praecesserat
2238 1198 2536 1262 consessio,
2565 1215 2680 1254 non
2728 1216 2849 1257 me-

1675 1276 1871 1325 ruerat
1902 1268 2232 1337 satisfactiO,
2264 1284 2378 1324 non
2414 1271 2674 1339 exigebat
2718 1286 2851 1327 con-

1677 1339 1864 1395 tritio!
1901 1341 2168 1409 Corporis
2201 1340 2439 1395 salutem
2466 1342 2845 1408 petebat,non

1677 1410 1919 1480 animae;
1946 1416 2004 1466 et
2031 1412 2269 1465 salutem
2288 1410 2541 1480 corporis
2566 1419 2623 1467 et
2641 1410 2850 1469 animm

1679 1484 1912 1551 recepit.
1963 1483 2131 1548 Uere,
2180 1482 2441 1547 Domine,
2480 1482 2594 1536 vita
2648 1483 2708 1537 in
2754 1498 2849 1539 vo-

1677 1552 1894 1608 luntate
1924 1559 2022 1607 tua
2051 1558 2136 1608 est
2164 1570 2178 1621 3
2209 1551 2257 1606 si
2285 1554 2604 1607 decreveris
2631 1553 2849 1610 salvare

1677 1639 1802 1693 nOS,
1830 1639 1998 1679 nemo
2029 1624 2235 1693 poterit
2266 1624 2596 1691 prohibere;
2624 1624 2672 1679 si
2694 1624 2849 1680 aliud

1676 1694 2013 1759 decreveriS‚
2055 1710 2172 1749 non
2211 1701 2296 1760 est
2327 1693 2422 1762 qui
2459 1696 2665 1750 audeat
2694 1695 2851 1750 dice·

1676 1781 1738 1820 re
1786 1783 1800 1823 :
1843 1766 1956 1820 Cur
2002 1766 2078 1819 ita
2136 1763 2303 1821 facis?
2357 1766 2660 1834 Phar-isaee,
2710 1764 2850 1835 quid

1677 1834 2040 1893 murmuras?
2076 1838 2163 1891 An
2207 1835 2401 1891 oculus
2442 1840 2574 1891 tuus
2604 1850 2850 1908 nequam

1674 1910 1781 1971 est,
1813 1907 1943 1977 quia
1975 1907 2092 1976 ipse
2123 1907 2301 1964 bonus
2329 1908 2457 1962 est?
2481 1909 2644 1962 Certe
2677 1906 2850 1962 mise-

1675 1983 1833 2032 retur
1864 1976 1955 2032 cui
2004 1979 2121 2047 ipse
2164 1979 2441 2045 voluerit3
2479 1980 2763 2045 ploremus
2795 1983 2852 2032 et

1677 2064 1901 2103 oremus
1944 2052 2002 2103 ut
2035 2049 2185 2103 velit.
2234 2047 2403 2102 Bonis
2448 2050 2620 2103 etiam
2672 2047 2853 2120 operi-

1674 2119 1779 2173 bus
1828 2121 2156 2189 pinguescat
2190 2119 2393 2186 oratio,
2428 2126 2705 2188 augeatur
2755 2120 2849 2174 de-

1676 2190 1847 2257 voti0,
1877 2191 2148 2245 excitetur
2171 2189 2425 2258 dilectio,
2457 2189 2718 2245 leventur
2746 2205 2848 2260 pu-

1676 2278 1755 2318 rae
1811 2277 2013 2317 manus
2069 2262 2128 2316 in
2177 2260 2472 2327 oratione,
2532 2276 2671 2331 quas
2732 2276 2847 2316 non

1674 2334 1902 2403 sanguis
1924 2331 2299 2387 immunditiae
2325 2331 2646 2401 maculavit,
2664 2334 2845 2387 tactus

1675 2403 1904 2459 illicitus
1956 2419 2071 2459 non
2124 2402 2371 2473 foedavit,
2433 2402 2672 2457 avaritia
2731 2401 2847 2458 no'n

1676 2475 2059 2545 exasperavit;
2102 2474 2321 2530 levetur
2363 2480 2419 2530 et
2466 2489 2565 2529 cor
2608 2472 2731 2528 sine
2763 2471 2851 2529 ira

1678 2553 1735 2602 et
1782 2548 2207 2616 disceptatione,
2256 2547 2406 2617 quod
2459 2545 2843 2615 tranquillitas

1675 2619 1911 2685 sedavit,
1948 2634 2055 2687 pax
2097 2618 2432 2687 composuit,
2462 2627 2676 2686 puritas
2709 2630 2844 2671 con·

1674 2689 1928 2744 scientiae
1968 2690 2119 2744 lavit.
2165 2687 2276 2746 Sed
2326 2686 2463 2742 nihil
2503 2689 2708 2741 horum
2744 2701 2843 2756 pa-

1677 2760 1941 2831 ralyticus
1971 2760 2065 2815 ille
2109 2758 2315 2830 legitur
2348 2758 2700 2828 praemisisse,
2738 2758 2837 2827 qui

1678 2839 1868 2886 tamen
1915 2829 2123 2899 legitur
2171 2832 2562 2886 remissionem
2591 2825 2845 2883 omnium

1679 2907 2040 2972 peccatorum
2100 2902 2395 2957 meruisse.
2445 2905 2574 2955 liaec
2612 2903 2699 2953 est
2750 2914 2849 2953 au-

1677 2982 1792 3029 tem
1821 2971 2122 3028 ineffabilis
2148 2973 2553 3027 misericordias
2581 2971 2705 3039 ejus
2734 2969 2850 3024 vir-

1679 3051 1790 3112 tus,
1822 3043 1914 3098 cui
1955 3046 2101 3099 sicut
2127 3043 2516 3112 blasphemum
2562 3047 2649 3095 est
2688 3040 2851 3096 dero-

1678 3132 1836 3187 gare,
1903 3115 1981 3170 ita
2037 3121 2096 3170 et
2161 3114 2269 3169 hoc
2325 3112 2434 3168 sibi
2504 3123 2850 3182 praesumere

1678 3187 2090 3243 stultissimum.
2122 3188 2310 3240 Potest
2333 3186 2676 3254 quicumque
2706 3181 2848 3250 vult,

1679 3265 1736 3313 et
1763 3259 1868 3312 hoc
1895 3258 2078 3327 ipsum
2106 3256 2412 3311 efficaciter
2451 3257 2660 3325 dicere,
2695 3252 2847 3324 quod

1678 3330 1818 3383 dixit
1872 3328 2180 3400 paralytico
2229 3344 2250 3382 ε
2310 3328 2680 3381 Dimittuntur
2731 3323 2842 3379 tibi

1715 3405 1897 3455 eccata
1926 3404 2055 3468 ωας
2087 3399 2186 3454 sed
2214 3397 2556 3467 quicumque
2585 3399 2707 3450 sine
2735 3409 2839 3450 suo

1696 3473 1889 3539 abore,
1926 3472 2014 3527 vel
2068 3468 2429 3535 contritione,
2480 3467 2568 3522 vel
2616 3465 2844 3522 confes-

1672 3543 1855 3613 sione,
1886 3543 1975 3597 vel
2004 3541 2176 3597 etiam
2210 3538 2593 3595 satisfactione
2622 3541 2678 3593 et
2705 3552 2843 3593 ora-

1672 3613 1848 3680 tione,
1900 3611 2010 3669 sibi
2039 3614 2161 3668 baec
2221 3612 2460 3666 dicenda
2526 3612 2836 3679 exspectat,

1673 3698 1981 3755 numquam
2009 3686 2062 3739 ei
2100 3682 2468 3739 remittuntur
2508 3683 2740 3752 peccata
2767 3694 2834 3734 z»

1671 3756 1792 3811 haec
1820 3756 2139 3811 Anselmus'.

2093 3949 2096 3950 γ
2155 3885 2195 3930 0

1487 3942 1747 4000 ORATIO

456 4101 697 4156 Domine
741 4103 871 4157 Jesu
901 4100 1142 4171 Christe,
1191 4102 1292 4172 qui
1331 4100 1389 4157 in
1421 4102 1688 4158 Passione
1715 4108 1815 4159 tua
1842 4102 2162 4159 naviculam
2199 4101 2385 4157 crucis
2411 4095 2732 4178 ascendisti,
2760 4095 2820 4152 in

386 4171 822 4227 Resurrectione
868 4172 1262 4237 transfretasti,
1311 4178 1368 4228 et
1417 4174 1474 4228 in
1523 4174 1861 4230 Ascensione
1907 4173 1969 4229 in
2019 4175 2306 4229 civitatem
2353 4177 2514 4226 tuam
2567 4171 2817 4234 venist13

384 4255 516 4296 ecce
554 4241 726 4297 timor
777 4244 845 4298 de
883 4244 1143 4312 peccatis,
1176 4243 1247 4299 de
1294 4241 1380 4298 ira
1430 4245 1549 4313 Dei,
1586 4245 1654 4298 de
1690 4245 1940 4315 periculo
1970 4245 2420 4314 supervenientis
2451 4238 2820 4318 infirmitatis,

383 4311 537 4367 etde
566 4312 968 4368 incertitudine
994 4315 1193 4370 mortis
1222 4313 1390 4371 offert
1417 4316 1523 4371 tibi
1553 4314 1806 4374 animam
1852 4318 2066 4386 peccati
2094 4315 2296 4371 morbo
2338 4314 2694 4369 dissolutam.
2719 4309 2822 4365 Dic
