3146 5023
407 344 499 396 «ιω
1092 343 1312 397 ramis
1368 342 1605 397 PARTIS
1658 341 1867 395 circi·
1920 300 2212 423 mixtu

411 450 579 508 detur
608 450 754 509 velle
795 467 927 509 eum
976 449 1272 521 scripsisse
1314 467 1328 507 ε
1385 453 1580 517 Terra,

410 527 587 594 terra,
624 524 868 581 absorbe
910 522 1063 579 viros
1102 524 1236 577 istos
1273 521 1585 578 abdicatos

414 596 538 664 Vel,
575 596 884 652 secundum
919 594 1269 649 Ambrosium
1321 610 1335 649 ε
1387 596 1585 657 Terra,

417 673 631 725 terram
660 666 921 722 accusasl
947 665 1063 733 Vel,
1086 664 1402 721 secundum
1424 680 1590 736 quos-

422 740 575 807 dam,
601 736 786 810 primo
816 754 875 792 se
906 737 1201 803 inclinans,
1223 738 1450 808 scripsit
1469 752 1591 791 ver-

418 811 492 867 ba
521 813 641 865 haec
670 826 688 864 :
721 810 915 877 Terra,
946 811 1121 873 terra,
1156 812 1329 879 terra,
1362 824 1483 864 mea
1510 813 1591 864 est

416 883 668 951 aequitas,
683 895 860 935 meum
884 884 964 935 est
976 880 1276 948 judicium,
1296 895 1484 936 meum
1505 883 1591 937 est

409 951 669 1026 judicare
691 949 851 1008 illum
872 951 959 1008 vel
975 950 1129 1008 illam
1142 953 1429 1021 ;·secundo
1454 967 1591 1009 vero

417 1040 478 1080 se
510 1025 810 1092 inclinans,
851 1023 1077 1096 scripsit
1115 1040 1132 1080 ε
1169 1026 1344 1080 Terra
1375 1029 1591 1081 terram

414 1100 676 1163 accusat3
715 1110 894 1151 mcum
938 1101 1129 1153 autern
1160 1101 1241 1152 est
1286 1096 1587 1166 judicium.

414 1168 511 1224 Vel
524 1209 539 1236 ,
555 1170 863 1224 secundum
883 1168 1150 1231 Glossam.
1166 1170 1452 1225 scribebat
1467 1184 1595 1240 pec-

420 1244 550 1297 cata
567 1254 787 1307 eorum,
809 1245 872 1296 ut
891 1255 988 1297 eos
1012 1241 1339 1296 ostenderet
1368 1242 1592 1311 ineptos

416 1312 488 1367 ad
513 1314 679 1382 hujus
696 1311 993 1368 sententiae
1015 1312 1406 1368 executionem
1426 1330 1439 1380 ;
1467 1327 1592 1382 quae

421 1382 501 1439 illi
527 1385 783 1454 legentes
807 1398 927 1456 prae
954 1384 1295 1441 verecundia
1315 1384 1590 1441 exierunt.

422 1456 490 1511 Et
527 1460 650 1511 erat
695 1455 790 1512 illa
838 1458 1117 1524 scriptura
1154 1456 1381 1512 D·›mini
1419 1461 1594 1511 tantae

420 1526 670 1596 virtutis,
703 1527 858 1598 quod
887 1528 1126 1599 quilibet
1156 1544 1353 1584 eorum
1388 1543 1595 1598 cogno-

420 1598 613 1655 scebat
650 1602 706 1655 in
737 1615 806 1656 ea
836 1604 1067 1671 peccata
1095 1614 1218 1655 sua.
1245 1602 1368 1654 Non
1387 1600 1597 1655 seribe-

418 1669 518 1726 bat
568 1686 673 1742 per
724 1672 967 1741 singula,
1019 1672 1118 1727 sed
1168 1672 1355 1741 potuit
1409 1670 1597 1726 facere

420 1741 629 1798 virtute
667 1741 878 1807 divina,
915 1743 1066 1812 quod
1100 1742 1156 1796 in
1185 1741 1378 1811 aliqua
1408 1742 1596 1809 figura

420 1813 495 1868 ab
519 1826 587 1867 eo
615 1816 922 1882 protracta,
954 1812 1190 1882 quilibet
1215 1827 1413 1868 eorum
1443 1813 1597 1869 vide·

418 1886 507 1939 ret
537 1898 637 1938 sua
671 1885 904 1954 propria
932 1888 1183 1954 peccata,
1217 1887 1273 1938 et
1302 1900 1415 1940 non
1458 1886 1591 1943 alia.

420 1957 493 2010 Et
521 1957 719 2010 iterum
750 1969 807 2010 se
837 1958 1137 2026 inclinans,
1169 1957 1460 2027 scribebat,
1498 1973 1593 2013 ea-

422 2025 552 2083 dem
584 2027 794 2097 denuo,
827 2029 885 2083 in
930 2032 1099 2083 terra.
1128 2028 1294 2096 Quasi
1331 2028 1541 2085 diceret
1577 2045 1591 2085 :

426 2096 482 2155 Si
515 2097 626 2156 ista
660 2104 745 2154 est
773 2099 1078 2171 peccatrix,
1111 2105 1167 2156 et
1204 2116 1304 2157 vos
1333 2100 1597 2156 similiter

423 2169 561 2227 estis
592 2178 938 2244 peccatores.
973 2174 1182 2229 Eadem
1212 2173 1397 2229 denuo
1430 2173 1594 2227 incli-

423 2248 593 2299 natus
621 2245 865 2313 scripsit,
883 2249 946 2300 ut
963 2245 1291 2300 ostenderet
1321 2244 1596 2315 majorem

419 2316 718 2368 sententiae
747 2331 862 2368 suae
898 2314 1247 2375 firmitatem.
1284 2321 1341 2369 et
1369 2330 1465 2370 eos
1493 2331 1596 2371 sua

420 2383 636 2437 visione
666 2382 932 2454 indignos
962 2399 1108 2438 esse.
1132 2384 1312 2452 Unde,
1338 2399 1464 2441 cum
1496 2401 1596 2442 eos

416 2453 536 2510 zelo
562 2452 801 2526 justitiae
829 2453 1222 2526 percussisset,
1257 2472 1369 2513 non
1401 2461 1485 2513 est
1509 2457 1596 2514 di-

418 2534 626 2599 gnatus
680 2542 778 2583 eos
829 2526 1158 2595 attendere3
1200 2529 1302 2584 sed
1335 2530 1596 2586 obtutum

417 2599 491 2657 ab
519 2599 601 2655 eis
623 2598 830 2656 avertit
853 2617 866 2656 t
890 2599 947 2655 in
968 2611 1080 2671 quo
1110 2600 1277 2656 docet
1296 2618 1419 2670 nos,
1450 2602 1597 2658 sicut

419 2672 580 2744 prius
620 2676 748 2727 ante
779 2671 1199 2742 correptionem
1229 2674 1484 2744 alterius,
1518 2674 1599 2729 ita

416 2750 474 2801 et
493 2748 641 2815 post,
664 2744 1046 2815 nometsipsos
1074 2744 1365 2801 humiliter
1395 2745 1597 2802 inves-

418 2815 620 2889 tigare,
664 2831 735 2872 ne
768 2816 918 2872 idem
952 2816 1285 2887 vel-aliquid
1316 2815 1504 2873 simile
1540 2819 1597 2872 in

418 2885 587 2945 nobis
617 2888 709 2945 sit.
741 2887 1039 2944 inclinavit
1063 2904 1144 2955 se,
1166 2895 1220 2944 et
1239 2888 1454 2944 vultum
1484 2885 1638 2945 ali‘oi

417 2960 586 3017 vertit
628 2960 911 3035 benignus
950 2962 1224 3017 Dominus
1271 2964 1445 3018 etiam
1533 2975 1596 3015 ro

418 3032 644 3089 aemulis
673 3042 728 3089 et
754 3034 1098 3091 adversariis
1127 3031 1266 3101 suis,
1294 3032 1453 3104 quasi
1525 3034 1597 3087 is-

418 3103 710 3175 simulans,
755 3109 815 3160 u't
847 3121 881 3161 a
915 3105 1157 3161 stultitia
1200 3121 1304 3161 sua
1342 3103 1597 3161 declina-

419 3179 570 3242 rent,
603 3183 658 3229 et
688 3179 746 3229 ut
772 3191 968 3231 eorum
998 3176 1360 3233 verecundiae
1390 3191 1600 3232 eonsu-

415 3245 557 3310 lenS,
591 3243 833 3300 liberam
874 3245 1114 3303 exeundi
1154 3248 1480 3304 facultatem
1516 3246 1599 3302 eis

417 3315 608 3382 daret3
670 3328 817 3383 quos
873 3317 1041 3374 citius
1102 3318 1357 3376 exituros
1423 3334 1597 3390 quam

416 3384 583 3458 plura
621 3384 1076 3456 interrogaturos
1116 3390 1489 3459 praevidebat.
1540 3390 1598 3446 Si

419 3454 572 3514 enim
602 3472 700 3513 eos
726 3455 1050 3515 intueretur
1079 3460 1140 3515 in
1188 3461 1356 3528 faeie,
1413 3460 1597 3533 magis

419 3530 821 3588 erubescerent
858 3531 1051 3601 exire3
1089 3532 1179 3586 fac
1214 3530 1495 3601 similiter,
1531 3549 1598 3589 ac

420 3601 673 3658 confusis
722 3600 982 3673 condole,
1026 3606 1084 3659 et
1131 3602 1189 3658 in
1233 3601 1434 3660 faciem
1481 3604 1600 3661 noli

424 3673 727 3746 respicere.

490 3750 523 3813 4
553 3746 836 3816 Qmmnnr,
867 3762 1160 3812 ANTEQUAM
1179 3766 1338 3806 Amos
1361 3766 1598 3820 mmcsr,

423 3835 549 3874 'rmA
574 3836 896 3884 nisomnans
920 3837 1111 3877 naam.
1141 3854 1209 3864 —-
1233 3824 1334 3878 Hic
1365 3822 1599 3879 instrui-

424 3906 554 3947 mur
591 3906 656 3947 ex
697 3891 907 3949 Christi
958 3893 1179 3952 actione
1237 3895 1499 3966 qualiter,
1540 3893 1602 3950 in

416 3963 744 4035 judicandis
814 3965 1204 4038 proximorum
1266 3967 1598 4034 defectibus,

422 4033 609 4092 fidelis
648 4034 887 4108 quisque
920 4038 1126 4095 debeat
1159 4055 1220 4095 se
1253 4039 1486 4096 habere.
1514 4039 1600 4093 Ad

424 4107 577 4178 quod
602 4107 901 4165 sciendum
931 4111 1115 4181 quod:
1143 4109 1410 4182 —primo
1432 4110 1603 4166 debet

423 4178 596 4235 homo
625 4182 759 4236 ante
793 4180 987 4236 oculos
1026 4181 1213 4239 cordis
1263 4187 1494 4253 peccata
1545 4184 1603 4237 et

426 4247 680 4306 defectus
708 4252 972 4322 proprios
1009 4253 1280 4322 seribere,
1310 4258 1373 4309 ut
1406 4253 1488 4309 sic
1517 4268 1603 4309 se-

428 4316 614 4388 ipsum
653 4320 901 4390 judicet3
956 4326 1014 4378 et
1063 4327 1198 4380 tunc
1244 4322 1473 4394 dignior
1528 4323 1602 4381 sit

1699 447 1845 505 alios
1869 448 2146 530 Judicare.
2189 448 2436 530 Quaestio
2469 464 2483 505 ε
2519 451 2742 508 Utrum
2769 440 2890 533 pec'-

1701 526 1860 576 cator
1888 527 2062 591 possit
2075 521 2358 591 Judicare,
2382 525 2438 576 et
2455 523 2895 593 reprehendere

1700 592 1886 648 alios?
1913 593 1999 648 Ad
2026 593 2176 662 quod
2208 592 2515 649 dicendum
2548 598 2713 665 quod
2743 597 2893 667 judi-

3015 236 3054 257 !
3069 262 3076 269 υ

2931 402 2936 409 Ι
2993 358 3034 387 εἰ

2997 414 3044 471 1,,

2999 458 3038 493 ⁴2-

1701 680 1838 720 cans
1877 670 1970 720 aut
2017 669 2102 720 est
2133 663 2387 720 irretitus
2419 665 2612 722 solum
2647 683 2898 727 commu·
2965 698 3000 739 ·.·:

1702 735 1871 791 nibus
1899 737 2155 816 ,peccatis
2186 740 2243 791 et
2271 736 2513 805 levibuS,
2548 742 2607 793 et
2657 745 2805 796 tunc
2832 742 2897 799 ad

1704 806 2130 877 corripiendum
2155 824 2270 863 non
2295 808 2560 865 redditur
2578 807 2897 882 indignns3
2967 816 2982 840 ’-

1703 883 1801 935 aut
1828 881 2033 935 eodem
2066 885 2295 950 peccato
2324 879 2415 935 vel
2444 881 2661 954 majori
2688 884 2764 938 de
2791 900 2897 955 quo

1704 949 1940 1022 corripit
1973 951 2170 1018 alium,
2202 955 2259 1007 et
2293 955 2426 1007 tunc
2457 961 2561 1008 aut
2594 960 2898 1024 peccatum

1704 1021 2065 1094 corripientis
2103 1027 2189 1078 est
2234 1023 2627 1088 manifestum.
2666 1035 2773 1082 aut
2811 1043 2895 1083 oc·

1703 1093 1914 1150 cultum
1954 1111 1967 1149 ε
2002 1094 2048 1151 si
2080 1099 2166 1150 est
2188 1094 2577 1165 manifestum,
2610 1102 2759 1154 tunc
2789 1115 2898 1154 non

1700 1170 1885 1237 potest
1915 1167 2200 1237 corripere
2217 1174 2450 1238 propter
2466 1169 2722 1239 proximi
2743 1186 2898 1226 scan-

1702 1237 1893 1293 dalum
1919 1255 1932 1304 ;
1961 1237 2009 1293 si
2039 1238 2345 1306 occultum,
2379 1245 2478 1295 aut
2510 1240 2583 1295 de
2617 1258 2693 1296 eo
2723 1242 2894 1312 poeni·

1703 1312 1804 1377 tet,
1826 1314 1880 1363 et
1895 1314 2029 1365 tunc
2059 1315 2246 1381 potest
2268 1326 2395 1366 cum
2428 1312 2763 1369 humilitate
2782 1330 2897 1370 cor-

1704 1380 1890 1451 ripere
1911 1380 2074 1450 alios,
2105 1389 2165 1436 ut
2190 1388 2244 1436 et
2266 1382 2371 1453 ipsi
2399 1383 2470 1439 de
2496 1383 2614 1439 suis
2647 1387 2898 1454 peccatis

1703 1455 2063 1523 poeniteant;
2096 1461 2194 1507 aut
2227 1469 2344 1509 non
2371 1455 2634 1526 poenitet,
2673 1462 2736 1512 et
2763 1463 2896 1514 tunc

1705 1523 1859 1579 nullo
1907 1524 2077 1580 modo
2122 1524 2327 1596 dignus
2373 1531 2458 1582 est
2502 1527 2650 1583 alios
2706 1545 2894 1601 repre·

1704 1596 1975 1652 bendere.
2011 1595 2162 1651 Talis
2221 1597 2374 1653 enim
2426 1601 2717 1656 correctio
2782 1617 2897 1657 non

1704 1667 1961 1738 procedit
1989 1683 2054 1723 ex
2084 1667 2339 1737 caritate,
2372 1669 2461 1725 vel
2491 1670 2616 1727 vitii
2648 1671 2900 1729 detesta-

1704 1741 1881 1808 tione,
1921 1738 2054 1810 quia
2098 1740 2241 1796 alias
2297 1740 2451 1809 prius
2507 1742 2896 1800 detestaretur

1704 1808 1766 1865 in
1803 1827 1864 1866 se
1898 1827 2071 1879 quam
2106 1810 2166 1869 in
2214 1811 2348 1881 alio,
2385 1829 2489 1869 nec
2515 1815 2694 1870 homo
2727 1816 2899 1874 debet

1704 1884 1833 1964 plus
1865 1882 2105 1965 diligere
2137 1884 2455 1965 proximum
2483 1901 2658 1956 quam
2689 1894 2892 1945 semet-

1705 1969 1895 2022 ipsum
1922 1971 1936 2022 3
1983 1971 2098 2010 imo
2135 1972 2192 2011 ln
2221 1956 2327 2012 hoc
2353 1972 2483 2014 casu
2513 1957 2573 2013 in
2606 1974 2727 2029 quo
2770 1961 2890 2032 ipse

1704 2025 1882 2081 alium
1930 2028 2168 2098 judicat,
2201 2027 2454 2098 seipsum
2508 2030 2887 2089 condemnat.

1705 2099 1773 2153 Et
1801 2098 1909 2153 hac
1935 2103 2126 2155 autem
2161 2099 2522 2171 propriorum
2561 2102 2896 2160 defectuum

1706 2170 2166 2227 consideratione
2218 2172 2531 2228 innascitur
2566 2173 2888 2245 humilitas,

1706 2245 1761 2295 et
1797 2241 1920 2296 haec
1948 2242 2242 2299 humilitas
2274 2243 2514 2299 docetur
2544 2243 2608 2300 in
2646 2244 2891 2303 inclina-

1704 2313 1859 2368 tione
1899 2315 2121 2368 Domini
2153 2318 2419 2370 deorsum
2448 2332 2629 2386 usque
2660 2318 2739 2374 ad
2778 2324 2891 2376 ter-

1704 2399 1850 2439 ram.
1884 2415 1953 2424 -
1983 2386 2265 2455 SecundO,
2294 2388 2462 2443 debet
2485 2389 2662 2444 etiam
2691 2391 2892 2460 home,

1706 2459 1837 2513 ante
1884 2472 2013 2513 uam
2042 2456 2216 2514 alium
2246 2460 2540 2530 corripiat,
2576 2475 2711 2517 cum
2743 2478 2898 2520 sum-

1706 2544 1799 2584 ma
1881 2528 2179 2585 iscretione
2212 2530 2532 2602 disquirere
2581 2532 2739 2590 duo:
2776 2534 2897 2606 pri-

1705 2615 1820 2669 m0,
1866 2616 2122 2672 personae
2176 2601 2630 2672 dispositionem,
2665 2621 2743 2661 an
2785 2606 2896 2663 sci-

1704 2670 1837 2727 licet
1858 2674 1938 2728 sic
1962 2672 2035 2727 sit
2056 2673 2385 2744 dispositus,
2407 2683 2468 2730 ut
2486 2690 2554 2731 ex
2571 2676 2681 2732 hoc
2702 2694 2899 2736 emen-

1705 2743 1891 2811 detur,
1919 2749 2017 2799 aut
2046 2759 2162 2799 non
2187 2763 2202 2810 ;
2236 2745 2504 2816 secundo,
2536 2747 2671 2803 facti
2698 2750 2893 2820 quali-

1704 2818 1880 2872 tatem
1923 2820 1979 2871 et
2021 2814 2527 2888 circumstantiam,
2557 2836 2630 2875 an
2671 2821 2899 2879 scilicet

1707 2885 1914 2942 factum
1941 2889 2089 2958 quod
2122 2888 2492 2959 reprehendit
2537 2889 2596 2945 in
2644 2892 2786 2960 alio,
2820 2893 2896 2950 sit

1707 2959 2019 3014 secundum
2057 2974 2116 3015 se
2164 2960 2397 3027 malum,
2435 2966 2491 3016 et
2543 2966 2681 3018 tunc
2720 2965 2899 3022 debet

1706 3033 2025 3099 corripere;
2055 3034 2149 3086 aut
2189 3032 2261 3087 ad
2293 3033 2653 3102 utrumlibet,
2685 3040 2750 3092 ut
2784 3039 2894 3093 sci-

1707 3099 1840 3157 licet
1871 3104 2012 3159 bene
2044 3104 2164 3157 fieri
2213 3104 2393 3174 possit
2436 3110 2492 3160 et
2547 3106 2718 3176 male,
2752 3113 2898 3164 tunc

1709 3180 1796 3228 est
1832 3172 1891 3228 in
1931 3173 2227 3230 meliorem
2256 3183 2478 3246 partem
2509 3175 2897 3248 interpretan-

1708 3244 1863 3300 dum.
1889 3275 1956 3285 —-
1985 3244 2193 3312 Terti0,
2219 3247 2388 3304 debet
2414 3247 2732 3319 disquirere
2765 3268 2897 3323 pro-

1711 3319 1892 3387 priam
1947 3315 2324 3375 intentionem
2345 3362 2359 3387 ,
2419 3335 2494 3374 an
2543 3320 2763 3378 scilicet
2827 3340 2894 3380 ex

1709 3387 1944 3444 caritate
1975 3395 2271 3446 moveatur
2289 3391 2361 3446 ad
2380 3390 2553 3448 talem
2580 3395 2896 3466 correptio·

1709 3476 1862 3529 nem,
1907 3460 1991 3516 vel
2038 3476 2104 3516 ex
2153 3461 2436 3532 passione,
2477 3462 2664 3520 velex
2704 3467 2892 3550 suspi-

1709 3529 1903 3599 cione;
1929 3533 1997 3588 de
2027 3533 2237 3590 talibus
2261 3532 2495 3605 jndiciis
2533 3538 2894 3595 temerariis-

1709 3600 1918 3658 dicitur
1948 3602 2084 3659 alibi
2119 3626 2132 3662 :
2165 3608 2351 3665 Nolite
2379 3605 2662 3679 jndicem,
2695 3614 2759 3666 ut
2789 3627 2897 3667 non

1702 3674 2060 3745 judicemini.
2655 3732 2674 3748 ,

1782 3751 1812 3801 5
1841 3749 2104 3804 Cnmsrus
2147 3766 2420 3807 numanam
2453 3767 2778 3810 ADULTERAM
2811 3773 2895 3811 m-

1712 3836 2094 3877 snaiconmrnn
2152 3839 2406 3879 mun-m.
2435 3856 2505 3865 —
2551 3824 2646 3880 llli
2700 3832 2896 3883 autem

1713 3893 1818 3946 hoc
1847 3893 2132 3948 audientes
2157 3909 2358 3951 omnes
2388 3911 2533 3952 unus
2558 3902 2689 3968 post
2718 3900 2896 3955 alium

1711 3963 1960 4028 aibant,
2006 3968 2140 4035 quia
2192 3982 2389 4023 omnes
2441 3974 2777 4040 peccatores
2836 3987 2896 4026 se

1712 4049 1837 4090 esse
1868 4036 2140 4102 sciebant,
2174 4037 2325 4109 quod
2365 4042 2422 4094 et
2463 4042 2584 4111 ipso
2623 4041 2895 4098 abscessu

1712 4107 1782 4163 de
1814 4123 1873 4163 se
1905 4108 2148 4165 confessi
2173 4115 2341 4179 sunt;
2373 4114 2702 4183 incipientes
2736 4130 2771 4167 α
2815 4130 2896 4169 se-

1711 4179 1997 4245 nioribus,
2038 4184 2161 4237 tum
2209 4181 2344 4253 quia
2390 4183 2751 4253 gravioribus
2783 4183 2891 4241 im·

1711 4248 1903 4321 plicati
1948 4257 2116 4333 erant
2156 4253 2407 4336 peccatis
2440 4259 2497 4311 et
2533 4255 2892 4327 criminibus,

1711 4325 1832 4379 tum
1866 4336 1999 4392 quia
2035 4324 2243 4383 melius
2267 4327 2691 4397 cognoscebant
2720 4329 2895 4400 aequi·
