<?xml version="1.0" encoding="UTF-8"?>
<!DOCTYPE html PUBLIC "-//W3C//DTD XHTML 1.0 Transitional//EN"
    "http://www.w3.org/TR/xhtml1/DTD/xhtml1-transitional.dtd">
<html xmlns="http://www.w3.org/1999/xhtml" xml:lang="en" lang="en">
 <head>
  <title>
</title>
<meta http-equiv="Content-Type" content="text/html;charset=utf-8" />
  <meta name='ocr-system' content='tesseract 3.04.00' />
  <meta name='ocr-capabilities' content='ocr_page ocr_carea ocr_par ocr_line ocrx_word'/>
</head>
<body>
  <div class='ocr_page' id='page_1' title='image "./vitajesuchristi02rigogoog_0156.png"; bbox 0 0 3146 5023; ppageno 0'>
   <div class='ocr_carea' id='block_1_1' title="bbox 321 530 2071 592">
    <p class='ocr_par' dir='ltr' id='par_1_1' title="bbox 321 530 2071 592">
     <span class='ocr_line' id='line_1_1' title="bbox 321 530 2071 592; baseline -0.006 0"><span class='ocrx_word' id='word_1_1' title='bbox 321 540 409 592; x_wconf 71' lang='lat'><strong>1⁴6</strong></span> <span class='ocrx_word' id='word_1_2' title='bbox 1056 536 1277 588; x_wconf 68' lang='lat' dir='ltr'><strong>PRIHAE</strong></span> <span class='ocrx_word' id='word_1_3' title='bbox 1333 533 1573 587; x_wconf 69' lang='lat' dir='ltr'><strong>unns</strong></span> <span class='ocrx_word' id='word_1_4' title='bbox 1630 532 1838 584; x_wconf 81' lang='lat' dir='ltr'>CAPUT</span> <span class='ocrx_word' id='word_1_5' title='bbox 1894 530 2071 583; x_wconf 75' lang='lat' dir='ltr'><strong>Lxlv</strong></span> 
     </span>
    </p>
   </div>
   <div class='ocr_carea' id='block_1_2' title="bbox 297 638 1491 4543">
    <p class='ocr_par' dir='ltr' id='par_1_2' title="bbox 310 638 1488 780">
     <span class='ocr_line' id='line_1_2' title="bbox 318 638 1488 708; baseline -0.006 -8"><span class='ocrx_word' id='word_1_6' title='bbox 318 641 586 700; x_wconf 76' lang='lat' dir='ltr'><strong>scribitur</strong></span> <span class='ocrx_word' id='word_1_7' title='bbox 616 646 797 698; x_wconf 79' lang='lat' dir='ltr'><strong>status</strong></span> <span class='ocrx_word' id='word_1_8' title='bbox 824 638 1087 695; x_wconf 65' lang='lat' dir='ltr'><strong>Ecclesiae</strong></span> <span class='ocrx_word' id='word_1_9' title='bbox 1119 652 1365 708; x_wconf 90' lang='lat' dir='ltr'><strong>sequens</strong></span> <span class='ocrx_word' id='word_1_10' title='bbox 1392 653 1488 695; x_wconf 87' lang='lat' dir='ltr'><strong>ex-</strong></span> 
     </span>
     <span class='ocr_line' id='line_1_3' title="bbox 310 709 1486 780; baseline -0.007 -9"><span class='ocrx_word' id='word_1_11' title='bbox 310 714 639 772; x_wconf 88' lang='lat' dir='ltr'><strong>altationem</strong></span> <span class='ocrx_word' id='word_1_12' title='bbox 656 750 664 758; x_wconf 87' lang='lat'><strong><em>.</em></strong></span> <span class='ocrx_word' id='word_1_13' title='bbox 683 709 1082 780; x_wconf 78' lang='lat' dir='ltr'><strong>praedictorum</strong></span> <span class='ocrx_word' id='word_1_14' title='bbox 1125 711 1486 777; x_wconf 90' lang='lat' dir='ltr'><strong>Sanctorum,</strong></span> 
     </span>
    </p>

    <p class='ocr_par' dir='ltr' id='par_1_3' title="bbox 299 779 1491 3035">
     <span class='ocr_line' id='line_1_4' title="bbox 359 779 1488 855; baseline -0.004 -14"><span class='ocrx_word' id='word_1_15' title='bbox 359 785 453 841; x_wconf 87' lang='lat' dir='ltr'><strong>uia</strong></span> <span class='ocrx_word' id='word_1_16' title='bbox 479 799 582 855; x_wconf 91' lang='lat' dir='ltr'><strong>per</strong></span> <span class='ocrx_word' id='word_1_17' title='bbox 610 779 963 851; x_wconf 81' lang='lat' dir='ltr'><strong>diligentiam</strong></span> <span class='ocrx_word' id='word_1_18' title='bbox 992 795 1192 838; x_wconf 90' lang='lat' dir='ltr'><strong>eorum</strong></span> <span class='ocrx_word' id='word_1_19' title='bbox 1229 780 1304 837; x_wconf 90' lang='lat' dir='ltr'><strong>ad</strong></span> <span class='ocrx_word' id='word_1_20' title='bbox 1340 795 1488 851; x_wconf 85' lang='lat' dir='ltr'><strong>prae-</strong></span> 
     </span>
     <span class='ocr_line' id='line_1_5' title="bbox 316 801 1489 922; baseline -0.004 -12"><span class='ocrx_word' id='word_1_21' title='bbox 316 801 643 919; x_wconf 61' lang='lat' dir='ltr'><strong>3icandum,</strong></span> <span class='ocrx_word' id='word_1_22' title='bbox 686 853 806 922; x_wconf 88' lang='lat' dir='ltr'><strong>jam</strong></span> <span class='ocrx_word' id='word_1_23' title='bbox 836 850 981 907; x_wconf 80' lang='lat' dir='ltr'><strong>fides</strong></span> <span class='ocrx_word' id='word_1_24' title='bbox 1025 851 1239 922; x_wconf 89' lang='lat' dir='ltr'><strong>ubique</strong></span> <span class='ocrx_word' id='word_1_25' title='bbox 1286 855 1372 907; x_wconf 89' lang='lat' dir='ltr'><strong>est</strong></span> <span class='ocrx_word' id='word_1_26' title='bbox 1401 849 1489 906; x_wconf 86' lang='lat' dir='ltr'><strong>di-</strong></span> 
     </span>
     <span class='ocr_line' id='line_1_6' title="bbox 314 921 1489 994; baseline -0.003 -13"><span class='ocrx_word' id='word_1_27' title='bbox 314 925 559 994; x_wconf 80' lang='lat' dir='ltr'><strong>vulgata.</strong></span> <span class='ocrx_word' id='word_1_28' title='bbox 592 924 653 978; x_wconf 93' lang='lat' dir='ltr'><strong>ln</strong></span> <span class='ocrx_word' id='word_1_29' title='bbox 678 921 784 977; x_wconf 91' lang='lat' dir='ltr'><strong>hac</strong></span> <span class='ocrx_word' id='word_1_30' title='bbox 814 936 951 993; x_wconf 86' lang='lat' dir='ltr'><strong>ergo</strong></span> <span class='ocrx_word' id='word_1_31' title='bbox 984 927 1191 992; x_wconf 85' lang='lat' dir='ltr'><strong>quarta</strong></span> <span class='ocrx_word' id='word_1_32' title='bbox 1215 922 1489 993; x_wconf 89' lang='lat' dir='ltr'><strong>parabola</strong></span> 
     </span>
     <span class='ocr_line' id='line_1_7' title="bbox 309 994 1488 1062; baseline -0.003 -11"><span class='ocrx_word' id='word_1_33' title='bbox 309 1011 434 1051; x_wconf 87' lang='lat' dir='ltr'><strong>com</strong></span> <span class='ocrx_word' id='word_1_34' title='bbox 475 997 602 1051; x_wconf 90' lang='lat' dir='ltr'><strong>arat</strong></span> <span class='ocrx_word' id='word_1_35' title='bbox 634 1008 863 1062; x_wconf 66' lang='lat' dir='ltr'><strong>reanum</strong></span> <span class='ocrx_word' id='word_1_36' title='bbox 908 994 1160 1049; x_wconf 69' lang='lat' dir='ltr'><strong>oculorum</strong></span> <span class='ocrx_word' id='word_1_37' title='bbox 1198 994 1488 1060; x_wconf 77' lang='lat' dir='ltr'><strong>termento,</strong></span> 
     </span>
     <span class='ocr_line' id='line_1_8' title="bbox 310 1064 1490 1136; baseline -0.002 -15"><span class='ocrx_word' id='word_1_38' title='bbox 310 1082 415 1136; x_wconf 81' lang='lat' dir='ltr'><strong>quo</strong></span> <span class='ocrx_word' id='word_1_39' title='bbox 508 1069 788 1135; x_wconf 82' lang='lat' dir='ltr'><strong>acceptum</strong></span> <span class='ocrx_word' id='word_1_40' title='bbox 841 1065 1042 1120; x_wconf 79' lang='lat' dir='ltr'><strong>mulier</strong></span> <span class='ocrx_word' id='word_1_41' title='bbox 1091 1064 1382 1120; x_wconf 74' lang='lat' dir='ltr'><strong><em>abscondit</em></strong></span> <span class='ocrx_word' id='word_1_42' title='bbox 1428 1066 1490 1119; x_wconf 80' lang='lat' dir='ltr'><strong>in</strong></span> 
     </span>
     <span class='ocr_line' id='line_1_9' title="bbox 308 1136 1487 1203; baseline -0.001 -11"><span class='ocrx_word' id='word_1_43' title='bbox 308 1137 486 1192; x_wconf 75' lang='lat' dir='ltr'><strong>tribas</strong></span> <span class='ocrx_word' id='word_1_44' title='bbox 509 1138 714 1203; x_wconf 79' lang='lat' dir='ltr'><strong>farinae</strong></span> <span class='ocrx_word' id='word_1_45' title='bbox 739 1136 900 1190; x_wconf 75' lang='lat' dir='ltr'><strong>satis.</strong></span> <span class='ocrx_word' id='word_1_46' title='bbox 941 1136 1040 1190; x_wconf 89' lang='lat' dir='ltr'><strong>Est</strong></span> <span class='ocrx_word' id='word_1_47' title='bbox 1069 1139 1263 1191; x_wconf 89' lang='lat' dir='ltr'><strong>autem</strong></span> <span class='ocrx_word' id='word_1_48' title='bbox 1301 1139 1487 1191; x_wconf 90' lang='lat' dir='ltr'><strong>satum</strong></span> 
     </span>
     <span class='ocr_line' id='line_1_10' title="bbox 310 1203 1487 1278; baseline -0.002 -15"><span class='ocrx_word' id='word_1_49' title='bbox 310 1222 583 1263; x_wconf 89' lang='lat' dir='ltr'><strong>mensura</strong></span> <span class='ocrx_word' id='word_1_50' title='bbox 611 1203 672 1261; x_wconf 92' lang='lat' dir='ltr'><strong>in</strong></span> <span class='ocrx_word' id='word_1_51' title='bbox 695 1205 1002 1262; x_wconf 70' lang='lat' dir='ltr'><strong>Palaestina</strong></span> <span class='ocrx_word' id='word_1_52' title='bbox 1035 1205 1270 1278; x_wconf 87' lang='lat' dir='ltr'><strong>capiens</strong></span> <span class='ocrx_word' id='word_1_53' title='bbox 1307 1221 1487 1263; x_wconf 91' lang='lat' dir='ltr'><strong>unum</strong></span> 
     </span>
     <span class='ocr_line' id='line_1_11' title="bbox 310 1276 1490 1349; baseline -0.001 -15"><span class='ocrx_word' id='word_1_54' title='bbox 310 1276 563 1335; x_wconf 91' lang='lat' dir='ltr'><strong>modium</strong></span> <span class='ocrx_word' id='word_1_55' title='bbox 594 1281 652 1333; x_wconf 91' lang='lat' dir='ltr'><strong>et</strong></span> <span class='ocrx_word' id='word_1_56' title='bbox 680 1276 998 1333; x_wconf 89' lang='lat' dir='ltr'><strong>dimidium.</strong></span> <span class='ocrx_word' id='word_1_57' title='bbox 1031 1278 1290 1349; x_wconf 84' lang='lat' dir='ltr'>Regnum</span> <span class='ocrx_word' id='word_1_58' title='bbox 1319 1278 1490 1333; x_wconf 88' lang='lat' dir='ltr'><strong>coelo-</strong></span> 
     </span>
     <span class='ocr_line' id='line_1_12' title="bbox 311 1347 1489 1430; baseline 0.001 -27"><span class='ocrx_word' id='word_1_59' title='bbox 311 1364 439 1405; x_wconf 90' lang='lat' dir='ltr'><strong>rum</strong></span> <span class='ocrx_word' id='word_1_60' title='bbox 477 1353 566 1405; x_wconf 89' lang='lat' dir='ltr'><strong>est</strong></span> <span class='ocrx_word' id='word_1_61' title='bbox 621 1347 873 1404; x_wconf 81' lang='lat' dir='ltr'><strong>Ecclesia</strong></span> <span class='ocrx_word' id='word_1_62' title='bbox 920 1347 1198 1416; x_wconf 90' lang='lat' dir='ltr'><strong>militans,</strong></span> <span class='ocrx_word' id='word_1_63' title='bbox 1248 1349 1309 1403; x_wconf 92' lang='lat' dir='ltr'><strong>in</strong></span> <span class='ocrx_word' id='word_1_64' title='bbox 1375 1363 1489 1430; x_wconf 84' lang='lat' dir='ltr'><strong>qua</strong></span> 
     </span>
     <span class='ocr_line' id='line_1_13' title="bbox 308 1418 1489 1491; baseline -0.002 -15"><span class='ocrx_word' id='word_1_65' title='bbox 308 1422 460 1476; x_wconf 91' lang='lat' dir='ltr'><strong>Deus</strong></span> <span class='ocrx_word' id='word_1_66' title='bbox 487 1434 594 1491; x_wconf 91' lang='lat' dir='ltr'><strong>per</strong></span> <span class='ocrx_word' id='word_1_67' title='bbox 620 1419 796 1474; x_wconf 83' lang='lat' dir='ltr'><strong>fidem</strong></span> <span class='ocrx_word' id='word_1_68' title='bbox 834 1423 1060 1491; x_wconf 90' lang='lat' dir='ltr'><strong>regnat,</strong></span> <span class='ocrx_word' id='word_1_69' title='bbox 1089 1419 1178 1475; x_wconf 87' lang='lat' dir='ltr'><strong>vel</strong></span> <span class='ocrx_word' id='word_1_70' title='bbox 1226 1418 1489 1475; x_wconf 80' lang='lat' dir='ltr'><strong>doctrina</strong></span> 
     </span>
     <span class='ocr_line' id='line_1_14' title="bbox 309 1488 1484 1571; baseline 0 -26"><span class='ocrx_word' id='word_1_71' title='bbox 309 1491 468 1560; x_wconf 82' lang='lat' dir='ltr'><strong>fidei,</strong></span> <span class='ocrx_word' id='word_1_72' title='bbox 485 1506 611 1561; x_wconf 87' lang='lat' dir='ltr'><strong>quae</strong></span> <span class='ocrx_word' id='word_1_73' title='bbox 626 1504 871 1560; x_wconf 89' lang='lat' dir='ltr'><strong>regnum</strong></span> <span class='ocrx_word' id='word_1_74' title='bbox 893 1490 1167 1548; x_wconf 87' lang='lat' dir='ltr'><strong>coelorum</strong></span> <span class='ocrx_word' id='word_1_75' title='bbox 1178 1488 1484 1571; x_wconf 74' lang='lat' dir='ltr'><strong>proedicat3</strong></span> 
     </span>
     <span class='ocr_line' id='line_1_15' title="bbox 306 1560 1487 1633; baseline -0.001 -16"><span class='ocrx_word' id='word_1_76' title='bbox 306 1561 514 1617; x_wconf 90' lang='lat' dir='ltr'><strong>mulier</strong></span> <span class='ocrx_word' id='word_1_77' title='bbox 539 1566 731 1617; x_wconf 92' lang='lat' dir='ltr'><strong>autem</strong></span> <span class='ocrx_word' id='word_1_78' title='bbox 761 1561 863 1617; x_wconf 89' lang='lat' dir='ltr'><strong>Dei</strong></span> <span class='ocrx_word' id='word_1_79' title='bbox 890 1561 1197 1633; x_wconf 83' lang='lat' dir='ltr'><strong>sapientia,</strong></span> <span class='ocrx_word' id='word_1_80' title='bbox 1226 1561 1314 1617; x_wconf 93' lang='lat' dir='ltr'><strong>vel</strong></span> <span class='ocrx_word' id='word_1_81' title='bbox 1356 1560 1487 1617; x_wconf 89' lang='lat' dir='ltr'><strong>dih-</strong></span> 
     </span>
     <span class='ocr_line' id='line_1_16' title="bbox 309 1631 1487 1704; baseline -0.002 -15"><span class='ocrx_word' id='word_1_82' title='bbox 309 1631 502 1703; x_wconf 85' lang='lat' dir='ltr'><strong>gentia</strong></span> <span class='ocrx_word' id='word_1_83' title='bbox 555 1634 893 1691; x_wconf 88' lang='lat' dir='ltr'><strong>Sanctorum</strong></span> <span class='ocrx_word' id='word_1_84' title='bbox 945 1634 1019 1689; x_wconf 91' lang='lat' dir='ltr'><strong>ad</strong></span> <span class='ocrx_word' id='word_1_85' title='bbox 1058 1631 1487 1704; x_wconf 67' lang='lat' dir='ltr'><strong>praedicandum</strong></span> 
     </span>
     <span class='ocr_line' id='line_1_17' title="bbox 306 1702 1487 1774; baseline -0.002 -14"><span class='ocrx_word' id='word_1_86' title='bbox 306 1719 713 1774; x_wconf 81' lang='lat' dir='ltr'><strong>usquequaque</strong></span> <span class='ocrx_word' id='word_1_87' title='bbox 742 1704 918 1760; x_wconf 84' lang='lat' dir='ltr'><strong>fidem</strong></span> <span class='ocrx_word' id='word_1_88' title='bbox 946 1703 1307 1760; x_wconf 85' lang='lat' dir='ltr'><strong>catholicam.</strong></span> <span class='ocrx_word' id='word_1_89' title='bbox 1355 1702 1487 1759; x_wconf 89' lang='lat' dir='ltr'><strong>Tria</strong></span> 
     </span>
     <span class='ocr_line' id='line_1_18' title="bbox 307 1773 1488 1846; baseline 0.001 -19"><span class='ocrx_word' id='word_1_90' title='bbox 307 1790 443 1831; x_wconf 89' lang='lat' dir='ltr'><strong>vero</strong></span> <span class='ocrx_word' id='word_1_91' title='bbox 501 1780 626 1830; x_wconf 89' lang='lat' dir='ltr'><strong>sata</strong></span> <span class='ocrx_word' id='word_1_92' title='bbox 668 1773 892 1842; x_wconf 84' lang='lat' dir='ltr'><strong>farinae,</strong></span> <span class='ocrx_word' id='word_1_93' title='bbox 948 1778 1084 1830; x_wconf 91' lang='lat' dir='ltr'><strong>sunt</strong></span> <span class='ocrx_word' id='word_1_94' title='bbox 1128 1778 1246 1830; x_wconf 89' lang='lat' dir='ltr'><strong>tres</strong></span> <span class='ocrx_word' id='word_1_95' title='bbox 1291 1778 1488 1846; x_wconf 88' lang='lat' dir='ltr'><strong>partes</strong></span> 
     </span>
     <span class='ocr_line' id='line_1_19' title="bbox 307 1843 1485 1913; baseline 0.001 -13"><span class='ocrx_word' id='word_1_96' title='bbox 307 1844 529 1912; x_wconf 88' lang='lat' dir='ltr'><strong>mundi,</strong></span> <span class='ocrx_word' id='word_1_97' title='bbox 563 1843 777 1899; x_wconf 89' lang='lat' dir='ltr'><strong>scilicet</strong></span> <span class='ocrx_word' id='word_1_98' title='bbox 828 1843 1024 1913; x_wconf 82' lang='lat' dir='ltr'><strong>:Asia,</strong></span> <span class='ocrx_word' id='word_1_99' title='bbox 1051 1843 1241 1900; x_wconf 81' lang='lat' dir='ltr'><strong>Africa</strong></span> <span class='ocrx_word' id='word_1_100' title='bbox 1270 1849 1331 1901; x_wconf 90' lang='lat' dir='ltr'><strong>et</strong></span> <span class='ocrx_word' id='word_1_101' title='bbox 1374 1847 1485 1901; x_wconf 90' lang='lat' dir='ltr'><strong>Eu-</strong></span> 
     </span>
     <span class='ocr_line' id='line_1_20' title="bbox 304 1913 1487 2043; baseline 0 -2"><span class='ocrx_word' id='word_1_102' title='bbox 304 1929 466 2042; x_wconf 54' lang='lat' dir='ltr'><strong>{3ss23</strong></span> <span class='ocrx_word' id='word_1_103' title='bbox 512 1913 1487 2043; x_wconf 50' lang='lat' dir='ltr'><strong>Eessae¹0¹i⁸⁸et¹³igalffia⁵⁶lv¹ssssiieissss</strong></span> 
     </span>
     <span class='ocr_line' id='line_1_21' title="bbox 306 2055 1491 2129; baseline 0 -17"><span class='ocrx_word' id='word_1_104' title='bbox 306 2061 520 2126; x_wconf 88' lang='lat' dir='ltr'><strong>autem,</strong></span> <span class='ocrx_word' id='word_1_105' title='bbox 548 2055 682 2112; x_wconf 92' lang='lat' dir='ltr'><strong>licet</strong></span> <span class='ocrx_word' id='word_1_106' title='bbox 712 2055 774 2112; x_wconf 92' lang='lat' dir='ltr'><strong>in</strong></span> <span class='ocrx_word' id='word_1_107' title='bbox 816 2056 1107 2129; x_wconf 81' lang='lat' dir='ltr'><strong>Scriptura</strong></span> <span class='ocrx_word' id='word_1_108' title='bbox 1133 2056 1491 2129; x_wconf 87' lang='lat' dir='ltr'><strong>frequentius</strong></span> 
     </span>
     <span class='ocr_line' id='line_1_22' title="bbox 309 2126 1491 2200; baseline 0.002 -17"><span class='ocrx_word' id='word_1_109' title='bbox 309 2127 621 2200; x_wconf 84' lang='lat' dir='ltr'><strong>accipiatur</strong></span> <span class='ocrx_word' id='word_1_110' title='bbox 658 2126 719 2182; x_wconf 92' lang='lat' dir='ltr'><strong>in</strong></span> <span class='ocrx_word' id='word_1_111' title='bbox 757 2128 932 2197; x_wconf 86' lang='lat' dir='ltr'><strong>ma10,</strong></span> <span class='ocrx_word' id='word_1_112' title='bbox 961 2144 1029 2186; x_wconf 93' lang='lat' dir='ltr'><strong>eo</strong></span> <span class='ocrx_word' id='word_1_113' title='bbox 1110 2129 1225 2186; x_wconf 92' lang='lat' dir='ltr'><strong>uod</strong></span> <span class='ocrx_word' id='word_1_114' title='bbox 1253 2133 1342 2186; x_wconf 89' lang='lat' dir='ltr'><strong>est</strong></span> <span class='ocrx_word' id='word_1_115' title='bbox 1368 2144 1491 2185; x_wconf 91' lang='lat' dir='ltr'><strong>cor-</strong></span> 
     </span>
     <span class='ocr_line' id='line_1_23' title="bbox 308 2200 1487 2271; baseline 0.001 -17"><span class='ocrx_word' id='word_1_116' title='bbox 308 2201 620 2271; x_wconf 85' lang='lat' dir='ltr'><strong>ruptivum,</strong></span> <span class='ocrx_word' id='word_1_117' title='bbox 658 2205 850 2255; x_wconf 89' lang='lat' dir='ltr'><strong>tamen</strong></span> <span class='ocrx_word' id='word_1_118' title='bbox 878 2200 1015 2270; x_wconf 84' lang='lat' dir='ltr'><strong>quia</strong></span> <span class='ocrx_word' id='word_1_119' title='bbox 1051 2216 1086 2257; x_wconf 89' lang='lat' dir='ltr'><strong>a</strong></span> <span class='ocrx_word' id='word_1_120' title='bbox 1107 2200 1206 2257; x_wconf 88' lang='lat' dir='ltr'><strong>iud</strong></span> <span class='ocrx_word' id='word_1_121' title='bbox 1240 2205 1325 2256; x_wconf 89' lang='lat' dir='ltr'><strong>est</strong></span> <span class='ocrx_word' id='word_1_122' title='bbox 1371 2200 1487 2256; x_wconf 85' lang='lat' dir='ltr'><strong>fer-</strong></span> 
     </span>
     <span class='ocr_line' id='line_1_24' title="bbox 312 2269 1488 2338; baseline 0.001 -14"><span class='ocrx_word' id='word_1_123' title='bbox 312 2274 572 2326; x_wconf 77' lang='lat' dir='ltr'><strong>mentum</strong></span> <span class='ocrx_word' id='word_1_124' title='bbox 599 2269 848 2338; x_wconf 83' lang='lat' dir='ltr'><strong>zizaniae,</strong></span> <span class='ocrx_word' id='word_1_125' title='bbox 879 2276 937 2328; x_wconf 92' lang='lat' dir='ltr'><strong>et</strong></span> <span class='ocrx_word' id='word_1_126' title='bbox 968 2270 1123 2327; x_wconf 89' lang='lat' dir='ltr'><strong>aliud</strong></span> <span class='ocrx_word' id='word_1_127' title='bbox 1143 2272 1488 2328; x_wconf 89' lang='lat' dir='ltr'><strong>fermentum</strong></span> 
     </span>
     <span class='ocr_line' id='line_1_25' title="bbox 307 2339 1484 2410; baseline 0.003 -17"><span class='ocrx_word' id='word_1_128' title='bbox 307 2339 504 2409; x_wconf 86' lang='lat' dir='ltr'><strong>tritici,</strong></span> <span class='ocrx_word' id='word_1_129' title='bbox 543 2340 638 2395; x_wconf 90' lang='lat' dir='ltr'><strong>hic</strong></span> <span class='ocrx_word' id='word_1_130' title='bbox 657 2340 932 2410; x_wconf 82' lang='lat' dir='ltr'><strong>accipitur</strong></span> <span class='ocrx_word' id='word_1_131' title='bbox 959 2342 1016 2397; x_wconf 91' lang='lat' dir='ltr'><strong>in</strong></span> <span class='ocrx_word' id='word_1_132' title='bbox 1054 2342 1204 2399; x_wconf 92' lang='lat' dir='ltr'><strong>bono</strong></span> <span class='ocrx_word' id='word_1_133' title='bbox 1225 2346 1484 2409; x_wconf 81' lang='lat' dir='ltr'><strong>tantum3</strong></span> 
     </span>
     <span class='ocr_line' id='line_1_26' title="bbox 311 2409 1488 2481; baseline 0.003 -16"><span class='ocrx_word' id='word_1_134' title='bbox 311 2414 367 2465; x_wconf 88' lang='lat' dir='ltr'><strong>et</strong></span> <span class='ocrx_word' id='word_1_135' title='bbox 396 2414 634 2481; x_wconf 86' lang='lat' dir='ltr'><strong>propter</strong></span> <span class='ocrx_word' id='word_1_136' title='bbox 668 2409 938 2466; x_wconf 86' lang='lat' dir='ltr'><strong>virtutem</strong></span> <span class='ocrx_word' id='word_1_137' title='bbox 974 2411 1278 2481; x_wconf 86' lang='lat' dir='ltr'><strong>alterandi,</strong></span> <span class='ocrx_word' id='word_1_138' title='bbox 1307 2411 1353 2467; x_wconf 88' lang='lat' dir='ltr'><strong>si</strong></span> <span class='ocrx_word' id='word_1_139' title='bbox 1397 2411 1488 2467; x_wconf 90' lang='lat' dir='ltr'><strong>ni-</strong></span> 
     </span>
     <span class='ocr_line' id='line_1_27' title="bbox 313 2480 1488 2555; baseline 0.004 -19"><span class='ocrx_word' id='word_1_140' title='bbox 313 2480 449 2536; x_wconf 86' lang='lat' dir='ltr'><strong>ficat</strong></span> <span class='ocrx_word' id='word_1_141' title='bbox 476 2480 716 2537; x_wconf 90' lang='lat' dir='ltr'><strong>verbum</strong></span> <span class='ocrx_word' id='word_1_142' title='bbox 764 2481 1186 2553; x_wconf 83' lang='lat' dir='ltr'><strong>Evangelicum,</strong></span> <span class='ocrx_word' id='word_1_143' title='bbox 1233 2498 1345 2555; x_wconf 90' lang='lat' dir='ltr'><strong>quo</strong></span> <span class='ocrx_word' id='word_1_144' title='bbox 1413 2484 1488 2540; x_wconf 86' lang='lat' dir='ltr'><strong>ad</strong></span> 
     </span>
     <span class='ocr_line' id='line_1_28' title="bbox 306 2551 1487 2627; baseline 0.003 -19"><span class='ocrx_word' id='word_1_145' title='bbox 306 2551 478 2608; x_wconf 82' lang='lat' dir='ltr'><strong>fidem</strong></span> <span class='ocrx_word' id='word_1_146' title='bbox 515 2552 910 2608; x_wconf 82' lang='lat' dir='ltr'><strong>transmutavit</strong></span> <span class='ocrx_word' id='word_1_147' title='bbox 960 2569 1228 2626; x_wconf 91' lang='lat' dir='ltr'><strong>magnam</strong></span> <span class='ocrx_word' id='word_1_148' title='bbox 1264 2560 1487 2627; x_wconf 87' lang='lat' dir='ltr'><strong>partem</strong></span> 
     </span>
     <span class='ocr_line' id='line_1_29' title="bbox 309 2622 1487 2696; baseline 0.004 -18"><span class='ocrx_word' id='word_1_149' title='bbox 309 2622 533 2691; x_wconf 90' lang='lat' dir='ltr'><strong>mundi,</strong></span> <span class='ocrx_word' id='word_1_150' title='bbox 567 2626 624 2679; x_wconf 89' lang='lat' dir='ltr'><strong>et</strong></span> <span class='ocrx_word' id='word_1_151' title='bbox 652 2624 838 2679; x_wconf 90' lang='lat' dir='ltr'><strong>adhuc</strong></span> <span class='ocrx_word' id='word_1_152' title='bbox 863 2624 1106 2696; x_wconf 91' lang='lat' dir='ltr'><strong>amplius</strong></span> <span class='ocrx_word' id='word_1_153' title='bbox 1137 2631 1487 2683; x_wconf 86' lang='lat' dir='ltr'><strong>transmuta-</strong></span> 
     </span>
     <span class='ocr_line' id='line_1_30' title="bbox 305 2692 1485 2767; baseline 0.003 -16"><span class='ocrx_word' id='word_1_154' title='bbox 305 2692 390 2751; x_wconf 89' lang='lat' dir='ltr'><strong>bit</strong></span> <span class='ocrx_word' id='word_1_155' title='bbox 416 2696 621 2765; x_wconf 89' lang='lat' dir='ltr'><strong>ipsum.</strong></span> <span class='ocrx_word' id='word_1_156' title='bbox 657 2695 818 2751; x_wconf 90' lang='lat' dir='ltr'><strong>Unde</strong></span> <span class='ocrx_word' id='word_1_157' title='bbox 843 2695 904 2751; x_wconf 90' lang='lat' dir='ltr'><strong>in</strong></span> <span class='ocrx_word' id='word_1_158' title='bbox 935 2696 1143 2767; x_wconf 85' lang='lat' dir='ltr'><strong>figura,</strong></span> <span class='ocrx_word' id='word_1_159' title='bbox 1185 2697 1243 2752; x_wconf 93' lang='lat' dir='ltr'><strong>in</strong></span> <span class='ocrx_word' id='word_1_160' title='bbox 1275 2699 1485 2756; x_wconf 88' lang='lat' dir='ltr'><strong>Pente-</strong></span> 
     </span>
     <span class='ocr_line' id='line_1_31' title="bbox 303 2766 1488 2840; baseline 0.004 -20"><span class='ocrx_word' id='word_1_161' title='bbox 303 2769 479 2834; x_wconf 86' lang='lat' dir='ltr'><strong>coste,</strong></span> <span class='ocrx_word' id='word_1_162' title='bbox 502 2781 629 2837; x_wconf 87' lang='lat' dir='ltr'><strong>quae</strong></span> <span class='ocrx_word' id='word_1_163' title='bbox 654 2766 1047 2823; x_wconf 86' lang='lat' dir='ltr'><strong>celebrabatur</strong></span> <span class='ocrx_word' id='word_1_164' title='bbox 1073 2768 1335 2825; x_wconf 86' lang='lat' dir='ltr'><strong>aJudaeis</strong></span> <span class='ocrx_word' id='word_1_165' title='bbox 1356 2784 1488 2840; x_wconf 91' lang='lat' dir='ltr'><strong>pro·</strong></span> 
     </span>
     <span class='ocr_line' id='line_1_32' title="bbox 301 2835 1484 2912; baseline 0.004 -21"><span class='ocrx_word' id='word_1_166' title='bbox 301 2839 430 2908; x_wconf 88' lang='lat' dir='ltr'><strong>pter</strong></span> <span class='ocrx_word' id='word_1_167' title='bbox 458 2835 801 2893; x_wconf 87' lang='lat' dir='ltr'><strong>beneficium</strong></span> <span class='ocrx_word' id='word_1_168' title='bbox 829 2837 994 2910; x_wconf 85' lang='lat' dir='ltr'><strong>Legis</strong></span> <span class='ocrx_word' id='word_1_169' title='bbox 1018 2839 1484 2912; x_wconf 87' lang='lat' dir='ltr'><strong>datae,quinqna-</strong></span> 
     </span>
     <span class='ocr_line' id='line_1_33' title="bbox 299 2907 1483 3035; baseline 0.004 -72"><span class='ocrx_word' id='word_1_170' title='bbox 299 2908 522 3035; x_wconf 73' lang='lat' dir='ltr'><strong>fguesima</strong></span> <span class='ocrx_word' id='word_1_171' title='bbox 551 2907 643 2964; x_wconf 91' lang='lat' dir='ltr'><strong>die</strong></span> <span class='ocrx_word' id='word_1_172' title='bbox 666 2909 740 2965; x_wconf 87' lang='lat' dir='ltr'><strong>ab</strong></span> <span class='ocrx_word' id='word_1_173' title='bbox 770 2908 921 2965; x_wconf 85' lang='lat' dir='ltr'><strong>exitu</strong></span> <span class='ocrx_word' id='word_1_174' title='bbox 946 2909 1018 2970; x_wconf 91' lang='lat' dir='ltr'><strong>de</strong></span> <span class='ocrx_word' id='word_1_175' title='bbox 1059 2913 1320 2982; x_wconf 86' lang='lat' dir='ltr'><strong>AEgypt0,</strong></span> <span class='ocrx_word' id='word_1_176' title='bbox 1352 2927 1483 2983; x_wconf 83' lang='lat' dir='ltr'><strong>quae</strong></span> 
     </span>
    </p>

    <p class='ocr_par' dir='ltr' id='par_1_4' title="bbox 297 2978 1487 4543">
     <span class='ocr_line' id='line_1_34' title="bbox 361 2978 1482 3053; baseline 0.005 -20"><span class='ocrx_word' id='word_1_177' title='bbox 361 2978 404 3034; x_wconf 94' lang='lat' dir='ltr'><strong>it</strong></span> <span class='ocrx_word' id='word_1_178' title='bbox 435 2978 725 3050; x_wconf 85' lang='lat' dir='ltr'><strong>Evangelii</strong></span> <span class='ocrx_word' id='word_1_179' title='bbox 755 2979 961 3053; x_wconf 88' lang='lat' dir='ltr'><strong>figura,</strong></span> <span class='ocrx_word' id='word_1_180' title='bbox 993 2981 1386 3039; x_wconf 86' lang='lat' dir='ltr'><strong>offerebantur</strong></span> <span class='ocrx_word' id='word_1_181' title='bbox 1420 2982 1482 3038; x_wconf 91' lang='lat' dir='ltr'><strong>in</strong></span> 
     </span>
     <span class='ocr_line' id='line_1_35' title="bbox 304 3050 1478 3122; baseline 0.003 -17"><span class='ocrx_word' id='word_1_182' title='bbox 304 3050 539 3122; x_wconf 86' lang='lat' dir='ltr'><strong>temp10,</strong></span> <span class='ocrx_word' id='word_1_183' title='bbox 568 3052 682 3107; x_wconf 91' lang='lat' dir='ltr'><strong>duo</strong></span> <span class='ocrx_word' id='word_1_184' title='bbox 703 3067 883 3122; x_wconf 90' lang='lat' dir='ltr'><strong>panes</strong></span> <span class='ocrx_word' id='word_1_185' title='bbox 911 3052 984 3108; x_wconf 91' lang='lat' dir='ltr'><strong>de</strong></span> <span class='ocrx_word' id='word_1_186' title='bbox 1011 3053 1199 3111; x_wconf 87' lang='lat' dir='ltr'><strong>simila</strong></span> <span class='ocrx_word' id='word_1_187' title='bbox 1227 3054 1478 3111; x_wconf 86' lang='lat' dir='ltr'><strong>fermen-</strong></span> 
     </span>
     <span class='ocr_line' id='line_1_36' title="bbox 297 3123 1478 3197; baseline 0.005 -22"><span class='ocrx_word' id='word_1_188' title='bbox 297 3124 433 3176; x_wconf 87' lang='lat' dir='ltr'><strong>tata.</strong></span> <span class='ocrx_word' id='word_1_189' title='bbox 458 3123 660 3177; x_wconf 74' lang='lat' dir='ltr'><strong>Mulier</strong></span> <span class='ocrx_word' id='word_1_190' title='bbox 682 3138 841 3196; x_wconf 89' lang='lat' dir='ltr'><strong>ergo,</strong></span> <span class='ocrx_word' id='word_1_191' title='bbox 863 3123 922 3180; x_wconf 92' lang='lat' dir='ltr'><strong>id</strong></span> <span class='ocrx_word' id='word_1_192' title='bbox 947 3128 1034 3180; x_wconf 89' lang='lat' dir='ltr'><strong>est</strong></span> <span class='ocrx_word' id='word_1_193' title='bbox 1054 3124 1154 3181; x_wconf 93' lang='lat' dir='ltr'><strong>Dei</strong></span> <span class='ocrx_word' id='word_1_194' title='bbox 1176 3124 1478 3197; x_wconf 84' lang='lat' dir='ltr'><strong>sapientia,</strong></span> 
     </span>
     <span class='ocr_line' id='line_1_37' title="bbox 302 3191 1484 3267; baseline 0.008 -24"><span class='ocrx_word' id='word_1_195' title='bbox 302 3191 390 3246; x_wconf 90' lang='lat' dir='ltr'><strong>vel</strong></span> <span class='ocrx_word' id='word_1_196' title='bbox 411 3192 746 3248; x_wconf 91' lang='lat' dir='ltr'><strong>Sanctorum</strong></span> <span class='ocrx_word' id='word_1_197' title='bbox 765 3194 1060 3265; x_wconf 85' lang='lat' dir='ltr'><strong>diligentia</strong></span> <span class='ocrx_word' id='word_1_198' title='bbox 1077 3202 1358 3267; x_wconf 81' lang='lat' dir='ltr'><strong>acceptum</strong></span> <span class='ocrx_word' id='word_1_199' title='bbox 1371 3198 1484 3263; x_wconf 81' lang='lat' dir='ltr'><strong>fer-</strong></span> 
     </span>
     <span class='ocr_line' id='line_1_38' title="bbox 304 3263 1478 3336; baseline 0.009 -23"><span class='ocrx_word' id='word_1_200' title='bbox 304 3265 565 3328; x_wconf 82' lang='lat' dir='ltr'><strong>mentum,</strong></span> <span class='ocrx_word' id='word_1_201' title='bbox 616 3263 768 3333; x_wconf 92' lang='lat' dir='ltr'><strong>quod</strong></span> <span class='ocrx_word' id='word_1_202' title='bbox 865 3269 1058 3336; x_wconf 90' lang='lat' dir='ltr'><strong>ropter</strong></span> <span class='ocrx_word' id='word_1_203' title='bbox 1108 3267 1359 3323; x_wconf 89' lang='lat' dir='ltr'><strong>calorem</strong></span> <span class='ocrx_word' id='word_1_204' title='bbox 1387 3266 1478 3323; x_wconf 89' lang='lat' dir='ltr'><strong>in·</strong></span> 
     </span>
     <span class='ocr_line' id='line_1_39' title="bbox 302 3329 1478 3411; baseline 0.007 -25"><span class='ocrx_word' id='word_1_205' title='bbox 302 3329 609 3411; x_wconf 83' lang='lat' dir='ltr'><strong>trinsecum</strong></span> <span class='ocrx_word' id='word_1_206' title='bbox 639 3337 696 3387; x_wconf 90' lang='lat' dir='ltr'><strong>et</strong></span> <span class='ocrx_word' id='word_1_207' title='bbox 721 3332 815 3390; x_wconf 92' lang='lat' dir='ltr'><strong>inc</strong></span> <span class='ocrx_word' id='word_1_208' title='bbox 840 3351 1030 3405; x_wconf 88' lang='lat' dir='ltr'><strong>usum,</strong></span> <span class='ocrx_word' id='word_1_209' title='bbox 1063 3338 1271 3408; x_wconf 88' lang='lat' dir='ltr'><strong>Legem</strong></span> <span class='ocrx_word' id='word_1_210' title='bbox 1296 3340 1478 3394; x_wconf 89' lang='lat' dir='ltr'><strong>Evan-</strong></span> 
     </span>
     <span class='ocr_line' id='line_1_40' title="bbox 304 3400 1484 3478; baseline 0.007 -21"><span class='ocrx_word' id='word_1_211' title='bbox 304 3400 565 3472; x_wconf 66' lang='lat' dir='ltr'><strong>gemam,</strong></span> <span class='ocrx_word' id='word_1_212' title='bbox 591 3417 717 3473; x_wconf 85' lang='lat' dir='ltr'><strong>quae</strong></span> <span class='ocrx_word' id='word_1_213' title='bbox 735 3408 821 3460; x_wconf 88' lang='lat' dir='ltr'><strong>est</strong></span> <span class='ocrx_word' id='word_1_214' title='bbox 841 3407 950 3462; x_wconf 87' lang='lat' dir='ltr'><strong>Lex</strong></span> <span class='ocrx_word' id='word_1_215' title='bbox 970 3409 1203 3478; x_wconf 91' lang='lat' dir='ltr'><strong>amoris,</strong></span> <span class='ocrx_word' id='word_1_216' title='bbox 1245 3425 1347 3466; x_wconf 90' lang='lat' dir='ltr'><strong>seu</strong></span> <span class='ocrx_word' id='word_1_217' title='bbox 1393 3424 1484 3464; x_wconf 88' lang='lat' dir='ltr'><strong>ca-</strong></span> 
     </span>
     <span class='ocr_line' id='line_1_41' title="bbox 300 3470 1483 3550; baseline 0.007 -22"><span class='ocrx_word' id='word_1_218' title='bbox 300 3470 506 3542; x_wconf 81' lang='lat' dir='ltr'><strong>ritatiS,</strong></span> <span class='ocrx_word' id='word_1_219' title='bbox 538 3471 788 3545; x_wconf 86' lang='lat' dir='ltr'><strong>itemque</strong></span> <span class='ocrx_word' id='word_1_220' title='bbox 813 3475 1095 3535; x_wconf 87' lang='lat' dir='ltr'><strong>fervorem</strong></span> <span class='ocrx_word' id='word_1_221' title='bbox 1124 3479 1282 3548; x_wconf 87' lang='lat' dir='ltr'><strong>fidei,</strong></span> <span class='ocrx_word' id='word_1_222' title='bbox 1309 3479 1483 3550; x_wconf 90' lang='lat' dir='ltr'><strong>signi-</strong></span> 
     </span>
     <span class='ocr_line' id='line_1_42' title="bbox 304 3544 1482 3621; baseline 0.008 -23"><span class='ocrx_word' id='word_1_223' title='bbox 304 3544 464 3612; x_wconf 81' lang='lat' dir='ltr'><strong>ficat3</strong></span> <span class='ocrx_word' id='word_1_224' title='bbox 506 3544 812 3611; x_wconf 83' lang='lat' dir='ltr'><strong>abscondit,</strong></span> <span class='ocrx_word' id='word_1_225' title='bbox 848 3562 949 3603; x_wconf 86' lang='lat' dir='ltr'><strong>seu</strong></span> <span class='ocrx_word' id='word_1_226' title='bbox 981 3549 1173 3621; x_wconf 91' lang='lat' dir='ltr'><strong>posuit</strong></span> <span class='ocrx_word' id='word_1_227' title='bbox 1202 3553 1265 3606; x_wconf 82' lang='lat' dir='ltr'><strong>in</strong></span> <span class='ocrx_word' id='word_1_228' title='bbox 1303 3552 1482 3607; x_wconf 81' lang='lat' dir='ltr'><strong>tribus</strong></span> 
     </span>
     <span class='ocr_line' id='line_1_43' title="bbox 303 3617 1481 3686; baseline 0.004 -15"><span class='ocrx_word' id='word_1_229' title='bbox 303 3617 507 3683; x_wconf 77' lang='lat' dir='ltr'><strong>farinae</strong></span> <span class='ocrx_word' id='word_1_230' title='bbox 525 3618 682 3683; x_wconf 82' lang='lat' dir='ltr'><strong>satis,</strong></span> <span class='ocrx_word' id='word_1_231' title='bbox 706 3617 871 3673; x_wconf 83' lang='lat' dir='ltr'><strong>donec</strong></span> <span class='ocrx_word' id='word_1_232' title='bbox 886 3619 1276 3686; x_wconf 64' lang='lat' dir='ltr'><strong>fermentatum</strong></span> <span class='ocrx_word' id='word_1_233' title='bbox 1298 3626 1378 3677; x_wconf 83' lang='lat' dir='ltr'><strong>est</strong></span> <span class='ocrx_word' id='word_1_234' title='bbox 1396 3626 1481 3678; x_wconf 83' lang='lat' dir='ltr'><strong>to-</strong></span> 
     </span>
     <span class='ocr_line' id='line_1_44' title="bbox 304 3686 1484 3765; baseline 0.006 -23"><span class='ocrx_word' id='word_1_235' title='bbox 304 3691 440 3742; x_wconf 79' lang='lat' dir='ltr'><strong>tum.</strong></span> <span class='ocrx_word' id='word_1_236' title='bbox 455 3688 572 3743; x_wconf 91' lang='lat' dir='ltr'><strong>Hoc</strong></span> <span class='ocrx_word' id='word_1_237' title='bbox 584 3686 737 3743; x_wconf 91' lang='lat' dir='ltr'><strong>enim</strong></span> <span class='ocrx_word' id='word_1_238' title='bbox 748 3688 1093 3748; x_wconf 87' lang='lat' dir='ltr'><strong>fermentum</strong></span> <span class='ocrx_word' id='word_1_239' title='bbox 1109 3692 1357 3765; x_wconf 91' lang='lat' dir='ltr'><strong>positum</strong></span> <span class='ocrx_word' id='word_1_240' title='bbox 1372 3690 1484 3749; x_wconf 86' lang='lat' dir='ltr'><strong>fuit</strong></span> 
     </span>
     <span class='ocr_line' id='line_1_45' title="bbox 306 3757 1483 3835; baseline 0.007 -22"><span class='ocrx_word' id='word_1_241' title='bbox 306 3757 366 3814; x_wconf 92' lang='lat' dir='ltr'><strong>in</strong></span> <span class='ocrx_word' id='word_1_242' title='bbox 399 3757 585 3815; x_wconf 79' lang='lat' dir='ltr'><strong>tribus</strong></span> <span class='ocrx_word' id='word_1_243' title='bbox 624 3760 819 3816; x_wconf 92' lang='lat' dir='ltr'><strong>mundi</strong></span> <span class='ocrx_word' id='word_1_244' title='bbox 860 3762 1118 3833; x_wconf 89' lang='lat' dir='ltr'><strong>partibus</strong></span> <span class='ocrx_word' id='word_1_245' title='bbox 1154 3779 1192 3821; x_wconf 90' lang='lat' dir='ltr'><strong>a</strong></span> <span class='ocrx_word' id='word_1_246' title='bbox 1224 3768 1483 3835; x_wconf 89' lang='lat' dir='ltr'><strong>tempore</strong></span> 
     </span>
     <span class='ocr_line' id='line_1_46' title="bbox 304 3829 1481 3906; baseline 0.007 -22"><span class='ocrx_word' id='word_1_247' title='bbox 304 3829 732 3901; x_wconf 87' lang='lat' dir='ltr'><strong>Apostolorum;</strong></span> <span class='ocrx_word' id='word_1_248' title='bbox 757 3837 814 3888; x_wconf 93' lang='lat' dir='ltr'><strong>et</strong></span> <span class='ocrx_word' id='word_1_249' title='bbox 833 3833 1076 3906; x_wconf 89' lang='lat' dir='ltr'><strong>amplius</strong></span> <span class='ocrx_word' id='word_1_250' title='bbox 1098 3839 1358 3906; x_wconf 89' lang='lat' dir='ltr'><strong>ponetur,</strong></span> <span class='ocrx_word' id='word_1_251' title='bbox 1384 3834 1481 3892; x_wconf 87' lang='lat' dir='ltr'><strong>do·</strong></span> 
     </span>
     <span class='ocr_line' id='line_1_47' title="bbox 303 3900 1483 3977; baseline 0.006 -22"><span class='ocrx_word' id='word_1_252' title='bbox 303 3915 411 3956; x_wconf 91' lang='lat' dir='ltr'><strong>nec</strong></span> <span class='ocrx_word' id='word_1_253' title='bbox 432 3900 805 3960; x_wconf 84' lang='lat' dir='ltr'><strong>fermentetur</strong></span> <span class='ocrx_word' id='word_1_254' title='bbox 822 3908 1025 3975; x_wconf 91' lang='lat' dir='ltr'><strong>totum,</strong></span> <span class='ocrx_word' id='word_1_255' title='bbox 1052 3911 1112 3963; x_wconf 91' lang='lat' dir='ltr'><strong>et</strong></span> <span class='ocrx_word' id='word_1_256' title='bbox 1137 3905 1483 3977; x_wconf 90' lang='lat' dir='ltr'><strong>multiplice-</strong></span> 
     </span>
     <span class='ocr_line' id='line_1_48' title="bbox 303 3971 1487 4049; baseline 0.008 -24"><span class='ocrx_word' id='word_1_257' title='bbox 303 3974 397 4027; x_wconf 92' lang='lat' dir='ltr'><strong>tur</strong></span> <span class='ocrx_word' id='word_1_258' title='bbox 436 3971 580 4029; x_wconf 86' lang='lat' dir='ltr'><strong>fides</strong></span> <span class='ocrx_word' id='word_1_259' title='bbox 619 3974 913 4033; x_wconf 87' lang='lat' dir='ltr'><strong>Trinitatis</strong></span> <span class='ocrx_word' id='word_1_260' title='bbox 952 3992 1055 4049; x_wconf 89' lang='lat' dir='ltr'><strong>per</strong></span> <span class='ocrx_word' id='word_1_261' title='bbox 1096 3982 1279 4034; x_wconf 91' lang='lat' dir='ltr'><strong>totum</strong></span> <span class='ocrx_word' id='word_1_262' title='bbox 1320 3992 1487 4034; x_wconf 91' lang='lat' dir='ltr'><strong>mun-</strong></span> 
     </span>
     <span class='ocr_line' id='line_1_49' title="bbox 302 4042 1482 4131; baseline 0.008 -35"><span class='ocrx_word' id='word_1_263' title='bbox 302 4042 435 4122; x_wconf 77' lang='lat' dir='ltr'><strong>dum</strong></span> <span class='ocrx_word' id='word_1_264' title='bbox 457 4060 472 4111; x_wconf 83' lang='lat'>3</span> <span class='ocrx_word' id='word_1_265' title='bbox 505 4043 639 4114; x_wconf 88' lang='lat' dir='ltr'><strong>quia</strong></span> <span class='ocrx_word' id='word_1_266' title='bbox 666 4044 802 4103; x_wconf 91' lang='lat' dir='ltr'><strong>inde</strong></span> <span class='ocrx_word' id='word_1_267' title='bbox 825 4051 1009 4105; x_wconf 90' lang='lat' dir='ltr'><strong>totum</strong></span> <span class='ocrx_word' id='word_1_268' title='bbox 1033 4064 1181 4131; x_wconf 87' lang='lat' dir='ltr'><strong>pene</strong></span> <span class='ocrx_word' id='word_1_269' title='bbox 1207 4048 1482 4105; x_wconf 90' lang='lat' dir='ltr'><strong>mundum</strong></span> 
     </span>
     <span class='ocr_line' id='line_1_50' title="bbox 297 4115 1485 4193; baseline 0.008 -26"><span class='ocrx_word' id='word_1_270' title='bbox 297 4115 842 4193; x_wconf 63' lang='lat' dir='ltr'><strong>Jamfermentatum</strong></span> <span class='ocrx_word' id='word_1_271' title='bbox 862 4123 918 4175; x_wconf 93' lang='lat' dir='ltr'><strong>et</strong></span> <span class='ocrx_word' id='word_1_272' title='bbox 940 4118 1283 4177; x_wconf 77' lang='lat' dir='ltr'><strong>vivificatum</strong></span> <span class='ocrx_word' id='word_1_273' title='bbox 1303 4119 1364 4176; x_wconf 89' lang='lat' dir='ltr'><strong>in</strong></span> <span class='ocrx_word' id='word_1_274' title='bbox 1385 4122 1485 4177; x_wconf 87' lang='lat' dir='ltr'><strong>Eo-</strong></span> 
     </span>
     <span class='ocr_line' id='line_1_51' title="bbox 303 4183 1485 4264; baseline 0.008 -26"><span class='ocrx_word' id='word_1_275' title='bbox 303 4183 492 4264; x_wconf 69' lang='lat' dir='ltr'><strong>clesiae</strong></span> <span class='ocrx_word' id='word_1_276' title='bbox 523 4202 728 4258; x_wconf 91' lang='lat' dir='ltr'><strong>corpus</strong></span> <span class='ocrx_word' id='word_1_277' title='bbox 759 4189 1008 4247; x_wconf 85' lang='lat' dir='ltr'><strong>crevisse</strong></span> <span class='ocrx_word' id='word_1_278' title='bbox 1031 4190 1309 4259; x_wconf 81' lang='lat' dir='ltr'><strong>videmus,</strong></span> <span class='ocrx_word' id='word_1_279' title='bbox 1338 4191 1485 4248; x_wconf 90' lang='lat' dir='ltr'><strong>sicut</strong></span> 
     </span>
     <span class='ocr_line' id='line_1_52' title="bbox 307 4254 1482 4334; baseline 0.009 -25"><span class='ocrx_word' id='word_1_280' title='bbox 307 4254 593 4312; x_wconf 79' lang='lat' dir='ltr'><strong>modicum</strong></span> <span class='ocrx_word' id='word_1_281' title='bbox 644 4260 908 4316; x_wconf 80' lang='lat' dir='ltr'><strong>fermenti</strong></span> <span class='ocrx_word' id='word_1_282' title='bbox 961 4277 1230 4334; x_wconf 89' lang='lat' dir='ltr'><strong>magnam</strong></span> <span class='ocrx_word' id='word_1_283' title='bbox 1280 4261 1482 4320; x_wconf 85' lang='lat' dir='ltr'><strong>farinae</strong></span> 
     </span>
     <span class='ocr_line' id='line_1_53' title="bbox 311 4330 1480 4403; baseline 0.011 -26"><span class='ocrx_word' id='word_1_284' title='bbox 311 4338 557 4380; x_wconf 87' lang='lat' dir='ltr'><strong>massam</strong></span> <span class='ocrx_word' id='word_1_285' title='bbox 587 4331 930 4387; x_wconf 87' lang='lat' dir='ltr'><strong>transmutat</strong></span> <span class='ocrx_word' id='word_1_286' title='bbox 956 4330 1017 4388; x_wconf 91' lang='lat' dir='ltr'><strong>in</strong></span> <span class='ocrx_word' id='word_1_287' title='bbox 1051 4333 1138 4389; x_wconf 89' lang='lat' dir='ltr'><strong>sui</strong></span> <span class='ocrx_word' id='word_1_288' title='bbox 1167 4331 1345 4403; x_wconf 90' lang='lat' dir='ltr'><strong>ipsius</strong></span> <span class='ocrx_word' id='word_1_289' title='bbox 1369 4334 1480 4390; x_wconf 88' lang='lat' dir='ltr'><strong>vir-</strong></span> 
     </span>
     <span class='ocr_line' id='line_1_54' title="bbox 311 4397 1480 4479; baseline 0.009 -29"><span class='ocrx_word' id='word_1_290' title='bbox 311 4397 508 4479; x_wconf 79' lang='lat' dir='ltr'><strong>tutem,</strong></span> <span class='ocrx_word' id='word_1_291' title='bbox 543 4412 611 4452; x_wconf 91' lang='lat' dir='ltr'><strong>ac</strong></span> <span class='ocrx_word' id='word_1_292' title='bbox 655 4399 903 4458; x_wconf 85' lang='lat' dir='ltr'><strong>vivificat</strong></span> <span class='ocrx_word' id='word_1_293' title='bbox 948 4408 1007 4460; x_wconf 92' lang='lat' dir='ltr'><strong>et</strong></span> <span class='ocrx_word' id='word_1_294' title='bbox 1043 4418 1301 4460; x_wconf 91' lang='lat' dir='ltr'><strong>crescere</strong></span> <span class='ocrx_word' id='word_1_295' title='bbox 1327 4403 1480 4461; x_wconf 83' lang='lat' dir='ltr'><strong>facit.</strong></span> 
     </span>
     <span class='ocr_line' id='line_1_55' title="bbox 315 4465 1483 4543; baseline 0.009 -22"><span class='ocrx_word' id='word_1_296' title='bbox 315 4465 520 4522; x_wconf 77' lang='lat' dir='ltr'><strong>Mulaeer</strong></span> <span class='ocrx_word' id='word_1_297' title='bbox 562 4471 769 4537; x_wconf 84' lang='lat' dir='ltr'><strong>autem,</strong></span> <span class='ocrx_word' id='word_1_298' title='bbox 811 4469 869 4527; x_wconf 86' lang='lat' dir='ltr'><strong>id</strong></span> <span class='ocrx_word' id='word_1_299' title='bbox 919 4478 1003 4530; x_wconf 73' lang='lat' dir='ltr'><strong>est</strong></span> <span class='ocrx_word' id='word_1_300' title='bbox 1038 4473 1230 4531; x_wconf 92' lang='lat' dir='ltr'><strong>anima</strong></span> <span class='ocrx_word' id='word_1_301' title='bbox 1267 4478 1483 4543; x_wconf 87' lang='lat' dir='ltr'><strong>sancta,</strong></span> 
     </span>
    </p>
   </div>
   <div class='ocr_carea' id='block_1_3' title="bbox 1599 635 2794 3829">
    <p class='ocr_par' dir='ltr' id='par_1_5' title="bbox 1603 635 2794 2477">
     <span class='ocr_line' id='line_1_56' title="bbox 1608 635 2790 709; baseline 0.007 -17"><span class='ocrx_word' id='word_1_302' title='bbox 1608 635 1921 692; x_wconf 89' lang='lat' dir='ltr'><strong>secundum</strong></span> <span class='ocrx_word' id='word_1_303' title='bbox 1956 636 2182 701; x_wconf 76' lang='lat' dir='ltr'><strong>Rodum,</strong></span> <span class='ocrx_word' id='word_1_304' title='bbox 2216 652 2323 709; x_wconf 91' lang='lat' dir='ltr'><strong>per</strong></span> <span class='ocrx_word' id='word_1_305' title='bbox 2352 643 2571 697; x_wconf 88' lang='lat' dir='ltr'><strong>rectam</strong></span> <span class='ocrx_word' id='word_1_306' title='bbox 2600 640 2790 699; x_wconf 90' lang='lat' dir='ltr'><strong>inten-</strong></span> 
     </span>
     <span class='ocr_line' id='line_1_57' title="bbox 1604 706 2788 782; baseline 0.007 -20"><span class='ocrx_word' id='word_1_307' title='bbox 1604 707 1842 775; x_wconf 88' lang='lat' dir='ltr'><strong>tionem,</strong></span> <span class='ocrx_word' id='word_1_308' title='bbox 1866 721 1900 762; x_wconf 86' lang='lat' dir='ltr'><strong>a</strong></span> <span class='ocrx_word' id='word_1_309' title='bbox 1919 706 2116 762; x_wconf 92' lang='lat' dir='ltr'><strong>mundi</strong></span> <span class='ocrx_word' id='word_1_310' title='bbox 2137 707 2404 768; x_wconf 87' lang='lat' dir='ltr'><strong>laudibus</strong></span> <span class='ocrx_word' id='word_1_311' title='bbox 2429 712 2788 782; x_wconf 80' lang='lat' dir='ltr'><strong>occultando,</strong></span> 
     </span>
     <span class='ocr_line' id='line_1_58' title="bbox 1606 777 2791 850; baseline 0.008 -18"><span class='ocrx_word' id='word_1_312' title='bbox 1606 778 1893 834; x_wconf 77' lang='lat' dir='ltr'><strong>abscondit</strong></span> <span class='ocrx_word' id='word_1_313' title='bbox 1922 777 2286 850; x_wconf 87' lang='lat' dir='ltr'><strong>fermentum,</strong></span> <span class='ocrx_word' id='word_1_314' title='bbox 2318 780 2378 837; x_wconf 92' lang='lat' dir='ltr'><strong>id</strong></span> <span class='ocrx_word' id='word_1_315' title='bbox 2411 787 2500 839; x_wconf 89' lang='lat' dir='ltr'><strong>est</strong></span> <span class='ocrx_word' id='word_1_316' title='bbox 2527 782 2791 841; x_wconf 88' lang='lat' dir='ltr'><strong>dilectio·</strong></span> 
     </span>
     <span class='ocr_line' id='line_1_59' title="bbox 1604 849 2792 921; baseline 0.006 -17"><span class='ocrx_word' id='word_1_317' title='bbox 1604 864 1762 918; x_wconf 88' lang='lat' dir='ltr'><strong>nem,</strong></span> <span class='ocrx_word' id='word_1_318' title='bbox 1789 852 1851 904; x_wconf 80' lang='lat' dir='ltr'><strong>in</strong></span> <span class='ocrx_word' id='word_1_319' title='bbox 1890 849 2071 905; x_wconf 77' lang='lat' dir='ltr'><strong>tribas</strong></span> <span class='ocrx_word' id='word_1_320' title='bbox 2098 854 2239 905; x_wconf 79' lang='lat' dir='ltr'><strong>satis</strong></span> <span class='ocrx_word' id='word_1_321' title='bbox 2261 852 2485 921; x_wconf 62' lang='lat' dir='ltr'><strong>sarim,</strong></span> <span class='ocrx_word' id='word_1_322' title='bbox 2520 853 2580 910; x_wconf 90' lang='lat' dir='ltr'><strong>id</strong></span> <span class='ocrx_word' id='word_1_323' title='bbox 2610 859 2699 911; x_wconf 91' lang='lat' dir='ltr'><strong>est</strong></span> <span class='ocrx_word' id='word_1_324' title='bbox 2728 853 2792 910; x_wconf 91' lang='lat' dir='ltr'><strong>in</strong></span> 
     </span>
     <span class='ocr_line' id='line_1_60' title="bbox 1603 919 2794 991; baseline 0.004 -15"><span class='ocrx_word' id='word_1_325' title='bbox 1603 919 1791 977; x_wconf 87' lang='lat' dir='ltr'><strong>tribus</strong></span> <span class='ocrx_word' id='word_1_326' title='bbox 1839 919 2024 975; x_wconf 89' lang='lat' dir='ltr'><strong>modis</strong></span> <span class='ocrx_word' id='word_1_327' title='bbox 2061 919 2358 991; x_wconf 87' lang='lat' dir='ltr'><strong>diligendi,</strong></span> <span class='ocrx_word' id='word_1_328' title='bbox 2399 924 2616 982; x_wconf 89' lang='lat' dir='ltr'><strong>scilicet</strong></span> <span class='ocrx_word' id='word_1_329' title='bbox 2665 942 2681 982; x_wconf 70' lang='grc' dir='ltr'>ε</span> <span class='ocrx_word' id='word_1_330' title='bbox 2723 941 2794 981; x_wconf 72' lang='lat' dir='ltr'><strong>eoe</strong></span> 
     </span>
     <span class='ocr_line' id='line_1_61' title="bbox 1607 991 2791 1062; baseline 0.005 -17"><span class='ocrx_word' id='word_1_331' title='bbox 1607 995 1718 1046; x_wconf 82' lang='lat' dir='ltr'><strong>toto</strong></span> <span class='ocrx_word' id='word_1_332' title='bbox 1754 991 1937 1058; x_wconf 80' lang='lat' dir='ltr'><strong>corde,</strong></span> <span class='ocrx_word' id='word_1_333' title='bbox 1971 1006 2041 1047; x_wconf 74' lang='lat' dir='ltr'><strong>ex</strong></span> <span class='ocrx_word' id='word_1_334' title='bbox 2075 996 2191 1048; x_wconf 81' lang='lat' dir='ltr'><strong>tota</strong></span> <span class='ocrx_word' id='word_1_335' title='bbox 2227 996 2439 1062; x_wconf 81' lang='lat' dir='ltr'><strong>anima,</strong></span> <span class='ocrx_word' id='word_1_336' title='bbox 2476 1000 2529 1051; x_wconf 82' lang='lat' dir='ltr'><strong>et</strong></span> <span class='ocrx_word' id='word_1_337' title='bbox 2563 1012 2633 1051; x_wconf 74' lang='lat' dir='ltr'><strong>ex</strong></span> <span class='ocrx_word' id='word_1_338' title='bbox 2672 1001 2791 1053; x_wconf 77' lang='lat' dir='ltr'><strong>tota</strong></span> 
     </span>
     <span class='ocr_line' id='line_1_62' title="bbox 1604 1060 2789 1134; baseline 0.005 -18"><span class='ocrx_word' id='word_1_339' title='bbox 1604 1066 1815 1130; x_wconf 57' lang='grc' dir='ltr'><strong>’πεπτω</strong></span> <span class='ocrx_word' id='word_1_340' title='bbox 1847 1065 1957 1129; x_wconf 91' lang='lat' dir='ltr'><strong>vel,</strong></span> <span class='ocrx_word' id='word_1_341' title='bbox 1988 1060 2051 1117; x_wconf 89' lang='lat' dir='ltr'><strong>in</strong></span> <span class='ocrx_word' id='word_1_342' title='bbox 2084 1061 2269 1120; x_wconf 89' lang='lat' dir='ltr'><strong>tribus</strong></span> <span class='ocrx_word' id='word_1_343' title='bbox 2300 1063 2510 1121; x_wconf 83' lang='lat' dir='ltr'><strong>animae</strong></span> <span class='ocrx_word' id='word_1_344' title='bbox 2549 1064 2789 1134; x_wconf 81' lang='lat' dir='ltr'><strong>viribuS,</strong></span> 
     </span>
     <span class='ocr_line' id='line_1_63' title="bbox 1605 1131 2789 1207; baseline 0.004 -19"><span class='ocrx_word' id='word_1_345' title='bbox 1605 1131 1853 1189; x_wconf 83' lang='lat' dir='ltr'><strong>scilicet:</strong></span> <span class='ocrx_word' id='word_1_346' title='bbox 1873 1132 2165 1202; x_wconf 87' lang='lat' dir='ltr'><strong>rationali,</strong></span> <span class='ocrx_word' id='word_1_347' title='bbox 2183 1134 2631 1207; x_wconf 87' lang='lat' dir='ltr'><strong>concupiscibili,</strong></span> <span class='ocrx_word' id='word_1_348' title='bbox 2647 1135 2789 1193; x_wconf 87' lang='lat' dir='ltr'><strong>iras·</strong></span> 
     </span>
     <span class='ocr_line' id='line_1_64' title="bbox 1606 1202 2787 1274; baseline 0.003 -15"><span class='ocrx_word' id='word_1_349' title='bbox 1606 1202 1783 1272; x_wconf 90' lang='lat' dir='ltr'><strong>cibili,</strong></span> <span class='ocrx_word' id='word_1_350' title='bbox 1812 1202 1872 1259; x_wconf 91' lang='lat' dir='ltr'><strong>in</strong></span> <span class='ocrx_word' id='word_1_351' title='bbox 1899 1202 2105 1274; x_wconf 88' lang='lat' dir='ltr'><strong>quibus</strong></span> <span class='ocrx_word' id='word_1_352' title='bbox 2132 1203 2341 1262; x_wconf 85' lang='lat' dir='ltr'><strong>caritas</strong></span> <span class='ocrx_word' id='word_1_353' title='bbox 2379 1206 2497 1263; x_wconf 90' lang='lat' dir='ltr'><strong>sive</strong></span> <span class='ocrx_word' id='word_1_354' title='bbox 2526 1205 2787 1264; x_wconf 90' lang='lat' dir='ltr'><strong>doctrina</strong></span> 
     </span>
     <span class='ocr_line' id='line_1_65' title="bbox 1605 1273 2788 1343; baseline 0.003 -13"><span class='ocrx_word' id='word_1_355' title='bbox 1605 1273 1999 1343; x_wconf 87' lang='lat' dir='ltr'><strong>absconditur,</strong></span> <span class='ocrx_word' id='word_1_356' title='bbox 2030 1275 2213 1332; x_wconf 91' lang='lat' dir='ltr'><strong>donec</strong></span> <span class='ocrx_word' id='word_1_357' title='bbox 2236 1280 2417 1333; x_wconf 89' lang='lat' dir='ltr'><strong>totam</strong></span> <span class='ocrx_word' id='word_1_358' title='bbox 2448 1284 2696 1335; x_wconf 90' lang='lat' dir='ltr'><strong>mentem</strong></span> <span class='ocrx_word' id='word_1_359' title='bbox 2726 1277 2788 1334; x_wconf 91' lang='lat' dir='ltr'><strong>in</strong></span> 
     </span>
     <span class='ocr_line' id='line_1_66' title="bbox 1606 1345 2794 1420; baseline 0.003 -20"><span class='ocrx_word' id='word_1_360' title='bbox 1606 1345 1694 1401; x_wconf 90' lang='lat' dir='ltr'><strong>sui</strong></span> <span class='ocrx_word' id='word_1_361' title='bbox 1708 1345 2120 1417; x_wconf 87' lang='lat' dir='ltr'><strong>perfectionem</strong></span> <span class='ocrx_word' id='word_1_362' title='bbox 2134 1352 2446 1405; x_wconf 87' lang='lat' dir='ltr'><strong>commutet</strong></span> <span class='ocrx_word' id='word_1_363' title='bbox 2460 1366 2473 1382; x_wconf 91' lang='lat'><strong>·</strong></span> <span class='ocrx_word' id='word_1_364' title='bbox 2493 1349 2646 1420; x_wconf 90' lang='lat' dir='ltr'><strong>quod</strong></span> <span class='ocrx_word' id='word_1_365' title='bbox 2668 1347 2765 1420; x_wconf 90' lang='lat' dir='ltr'><strong>qui</strong></span> <span class='ocrx_word' id='word_1_366' title='bbox 2775 1378 2794 1390; x_wconf 91' lang='lat'><em>-</em></span> 
     </span>
     <span class='ocr_line' id='line_1_67' title="bbox 1606 1415 2788 1491; baseline 0.005 -20"><span class='ocrx_word' id='word_1_367' title='bbox 1606 1416 1738 1472; x_wconf 93' lang='lat' dir='ltr'><strong>dem</strong></span> <span class='ocrx_word' id='word_1_368' title='bbox 1767 1415 1862 1472; x_wconf 91' lang='lat' dir='ltr'><strong>hic</strong></span> <span class='ocrx_word' id='word_1_369' title='bbox 1887 1415 2215 1487; x_wconf 88' lang='lat' dir='ltr'><strong>inchoatur,</strong></span> <span class='ocrx_word' id='word_1_370' title='bbox 2240 1419 2341 1475; x_wconf 89' lang='lat' dir='ltr'><strong>sed</strong></span> <span class='ocrx_word' id='word_1_371' title='bbox 2360 1418 2422 1476; x_wconf 92' lang='lat' dir='ltr'><strong>in</strong></span> <span class='ocrx_word' id='word_1_372' title='bbox 2466 1423 2633 1477; x_wconf 90' lang='lat' dir='ltr'><strong>uturo</strong></span> <span class='ocrx_word' id='word_1_373' title='bbox 2651 1435 2788 1491; x_wconf 90' lang='lat' dir='ltr'><strong>per-</strong></span> 
     </span>
     <span class='ocr_line' id='line_1_68' title="bbox 1606 1486 2790 1560; baseline 0.004 -18"><span class='ocrx_word' id='word_1_374' title='bbox 1606 1486 1851 1543; x_wconf 83' lang='lat' dir='ltr'><strong>ficietur.</strong></span> <span class='ocrx_word' id='word_1_375' title='bbox 1899 1489 2220 1545; x_wconf 91' lang='lat' dir='ltr'><strong>Secundum</strong></span> <span class='ocrx_word' id='word_1_376' title='bbox 2255 1492 2563 1560; x_wconf 82' lang='lat' dir='ltr'><strong>Hilarium,</strong></span> <span class='ocrx_word' id='word_1_377' title='bbox 2600 1490 2790 1551; x_wconf 87' lang='lat' dir='ltr'><strong>farina</strong></span> 
     </span>
     <span class='ocr_line' id='line_1_69' title="bbox 1608 1557 2790 1630; baseline 0.003 -16"><span class='ocrx_word' id='word_1_378' title='bbox 1608 1562 1698 1614; x_wconf 86' lang='lat' dir='ltr'><strong>est</strong></span> <span class='ocrx_word' id='word_1_379' title='bbox 1744 1557 1907 1629; x_wconf 89' lang='lat' dir='ltr'><strong>plebs</strong></span> <span class='ocrx_word' id='word_1_380' title='bbox 1950 1575 2020 1615; x_wconf 84' lang='lat' dir='ltr'><strong>ex</strong></span> <span class='ocrx_word' id='word_1_381' title='bbox 2067 1559 2309 1617; x_wconf 90' lang='lat' dir='ltr'><strong>diversis</strong></span> <span class='ocrx_word' id='word_1_382' title='bbox 2357 1562 2638 1630; x_wconf 88' lang='lat' dir='ltr'><strong>collecta;</strong></span> <span class='ocrx_word' id='word_1_383' title='bbox 2678 1560 2790 1618; x_wconf 87' lang='lat' dir='ltr'><strong>tria</strong></span> 
     </span>
     <span class='ocr_line' id='line_1_70' title="bbox 1606 1628 2791 1700; baseline 0.002 -16"><span class='ocrx_word' id='word_1_384' title='bbox 1606 1633 1752 1697; x_wconf 87' lang='lat' dir='ltr'><strong>sata,</strong></span> <span class='ocrx_word' id='word_1_385' title='bbox 1780 1628 1987 1700; x_wconf 84' lang='lat' dir='ltr'><strong>triplex</strong></span> <span class='ocrx_word' id='word_1_386' title='bbox 2028 1635 2210 1688; x_wconf 87' lang='lat' dir='ltr'><strong>status</strong></span> <span class='ocrx_word' id='word_1_387' title='bbox 2256 1632 2535 1700; x_wconf 86' lang='lat' dir='ltr'><strong>fidelium,</strong></span> <span class='ocrx_word' id='word_1_388' title='bbox 2574 1633 2791 1689; x_wconf 88' lang='lat' dir='ltr'><strong>scilicet</strong></span> 
     </span>
     <span class='ocr_line' id='line_1_71' title="bbox 1604 1700 2791 1773; baseline 0.003 -19"><span class='ocrx_word' id='word_1_389' title='bbox 1604 1700 1747 1767; x_wconf 89' lang='lat' dir='ltr'><strong>Noe,</strong></span> <span class='ocrx_word' id='word_1_390' title='bbox 1797 1701 2020 1768; x_wconf 89' lang='lat' dir='ltr'><strong>Daniel,</strong></span> <span class='ocrx_word' id='word_1_391' title='bbox 2045 1702 2175 1768; x_wconf 88' lang='lat' dir='ltr'><strong>Job,</strong></span> <span class='ocrx_word' id='word_1_392' title='bbox 2206 1703 2294 1757; x_wconf 91' lang='lat' dir='ltr'><strong>vel</strong></span> <span class='ocrx_word' id='word_1_393' title='bbox 2339 1704 2476 1773; x_wconf 91' lang='lat' dir='ltr'><strong>quia</strong></span> <span class='ocrx_word' id='word_1_394' title='bbox 2503 1702 2574 1758; x_wconf 93' lang='lat' dir='ltr'><strong>de</strong></span> <span class='ocrx_word' id='word_1_395' title='bbox 2603 1703 2791 1760; x_wconf 85' lang='lat' dir='ltr'><strong>tribus</strong></span> 
     </span>
     <span class='ocr_line' id='line_1_72' title="bbox 1604 1769 2787 1844; baseline 0.004 -20"><span class='ocrx_word' id='word_1_396' title='bbox 1604 1769 1740 1825; x_wconf 80' lang='lat' dir='ltr'><strong>filiis</strong></span> <span class='ocrx_word' id='word_1_397' title='bbox 1768 1771 1890 1826; x_wconf 89' lang='lat' dir='ltr'><strong>Noe</strong></span> <span class='ocrx_word' id='word_1_398' title='bbox 1919 1770 2199 1841; x_wconf 87' lang='lat' dir='ltr'><strong>processit</strong></span> <span class='ocrx_word' id='word_1_399' title='bbox 2227 1775 2409 1828; x_wconf 91' lang='lat' dir='ltr'><strong>totum</strong></span> <span class='ocrx_word' id='word_1_400' title='bbox 2448 1788 2630 1844; x_wconf 90' lang='lat' dir='ltr'><strong>genus</strong></span> <span class='ocrx_word' id='word_1_401' title='bbox 2679 1773 2787 1829; x_wconf 89' lang='lat' dir='ltr'><strong>hu·</strong></span> 
     </span>
     <span class='ocr_line' id='line_1_73' title="bbox 1604 1841 2791 1913; baseline 0.003 -18"><span class='ocrx_word' id='word_1_402' title='bbox 1604 1855 1859 1908; x_wconf 89' lang='lat' dir='ltr'><strong>manum,</strong></span> <span class='ocrx_word' id='word_1_403' title='bbox 1900 1841 1989 1897; x_wconf 93' lang='lat' dir='ltr'><strong>cui</strong></span> <span class='ocrx_word' id='word_1_404' title='bbox 2019 1841 2123 1897; x_wconf 89' lang='lat' dir='ltr'><strong>Dei</strong></span> <span class='ocrx_word' id='word_1_405' title='bbox 2168 1841 2453 1913; x_wconf 90' lang='lat' dir='ltr'><strong>sapientia</strong></span> <span class='ocrx_word' id='word_1_406' title='bbox 2507 1843 2683 1900; x_wconf 85' lang='lat' dir='ltr'><strong>fidem</strong></span> <span class='ocrx_word' id='word_1_407' title='bbox 2732 1848 2791 1898; x_wconf 87' lang='lat' dir='ltr'><strong>et</strong></span> 
     </span>
     <span class='ocr_line' id='line_1_74' title="bbox 1604 1910 2790 1980; baseline 0.003 -13"><span class='ocrx_word' id='word_1_408' title='bbox 1604 1910 1927 1980; x_wconf 88' lang='lat' dir='ltr'><strong>caritatem,</strong></span> <span class='ocrx_word' id='word_1_409' title='bbox 1962 1915 2019 1968; x_wconf 88' lang='lat' dir='ltr'><strong>et</strong></span> <span class='ocrx_word' id='word_1_410' title='bbox 2045 1928 2245 1968; x_wconf 90' lang='lat' dir='ltr'><strong>sanam</strong></span> <span class='ocrx_word' id='word_1_411' title='bbox 2275 1913 2604 1970; x_wconf 86' lang='lat' dir='ltr'><strong>doctrinam</strong></span> <span class='ocrx_word' id='word_1_412' title='bbox 2631 1929 2790 1970; x_wconf 89' lang='lat' dir='ltr'><strong>com-</strong></span> 
     </span>
     <span class='ocr_line' id='line_1_75' title="bbox 1607 1981 2791 2055; baseline 0.003 -18"><span class='ocrx_word' id='word_1_413' title='bbox 1607 1982 1841 2038; x_wconf 87' lang='lat' dir='ltr'><strong>mendat</strong></span> <span class='ocrx_word' id='word_1_414' title='bbox 1896 1981 1961 2039; x_wconf 93' lang='lat' dir='ltr'><strong>in</strong></span> <span class='ocrx_word' id='word_1_415' title='bbox 2019 1984 2313 2055; x_wconf 80' lang='lat' dir='ltr'><strong>praesenti,</strong></span> <span class='ocrx_word' id='word_1_416' title='bbox 2366 1985 2549 2042; x_wconf 91' lang='lat' dir='ltr'><strong>donec</strong></span> <span class='ocrx_word' id='word_1_417' title='bbox 2605 1989 2791 2041; x_wconf 89' lang='lat' dir='ltr'><strong>totum</strong></span> 
     </span>
     <span class='ocr_line' id='line_1_76' title="bbox 1607 2053 2789 2124; baseline 0.003 -15"><span class='ocrx_word' id='word_1_418' title='bbox 1607 2053 2005 2124; x_wconf 73' lang='lat' dir='ltr'><strong>fermentetur,</strong></span> <span class='ocrx_word' id='word_1_419' title='bbox 2057 2054 2117 2110; x_wconf 90' lang='lat' dir='ltr'><strong>id</strong></span> <span class='ocrx_word' id='word_1_420' title='bbox 2176 2059 2264 2113; x_wconf 91' lang='lat' dir='ltr'><strong>est</strong></span> <span class='ocrx_word' id='word_1_421' title='bbox 2324 2055 2508 2113; x_wconf 91' lang='lat' dir='ltr'><strong>donec</strong></span> <span class='ocrx_word' id='word_1_422' title='bbox 2565 2055 2627 2111; x_wconf 91' lang='lat' dir='ltr'><strong>in</strong></span> <span class='ocrx_word' id='word_1_423' title='bbox 2672 2056 2789 2112; x_wconf 88' lang='lat' dir='ltr'><strong>fine</strong></span> 
     </span>
     <span class='ocr_line' id='line_1_77' title="bbox 1606 2124 2786 2198; baseline 0.003 -18"><span class='ocrx_word' id='word_1_424' title='bbox 1606 2124 1827 2194; x_wconf 91' lang='lat' dir='ltr'><strong>mundi,</strong></span> <span class='ocrx_word' id='word_1_425' title='bbox 1865 2125 2148 2198; x_wconf 91' lang='lat' dir='ltr'><strong>completo</strong></span> <span class='ocrx_word' id='word_1_426' title='bbox 2181 2141 2423 2184; x_wconf 90' lang='lat' dir='ltr'><strong>numero</strong></span> <span class='ocrx_word' id='word_1_427' title='bbox 2451 2127 2786 2197; x_wconf 86' lang='lat' dir='ltr'><strong>electorum,</strong></span> 
     </span>
     <span class='ocr_line' id='line_1_78' title="bbox 1606 2195 2788 2269; baseline 0.002 -18"><span class='ocrx_word' id='word_1_428' title='bbox 1606 2195 1807 2252; x_wconf 82' lang='lat' dir='ltr'><strong>fideles</strong></span> <span class='ocrx_word' id='word_1_429' title='bbox 1886 2197 1961 2253; x_wconf 88' lang='lat' dir='ltr'><strong>ad</strong></span> <span class='ocrx_word' id='word_1_430' title='bbox 2050 2198 2488 2254; x_wconf 88' lang='lat' dir='ltr'><strong>resurrectionis</strong></span> <span class='ocrx_word' id='word_1_431' title='bbox 2546 2197 2788 2269; x_wconf 88' lang='lat' dir='ltr'><strong>gloriam</strong></span> 
     </span>
     <span class='ocr_line' id='line_1_79' title="bbox 1604 2266 2789 2340; baseline 0.002 -18"><span class='ocrx_word' id='word_1_432' title='bbox 1604 2266 1963 2338; x_wconf 89' lang='lat' dir='ltr'><strong>perveniant,</strong></span> <span class='ocrx_word' id='word_1_433' title='bbox 1996 2271 2053 2323; x_wconf 89' lang='lat' dir='ltr'><strong>et</strong></span> <span class='ocrx_word' id='word_1_434' title='bbox 2081 2270 2220 2324; x_wconf 91' lang='lat' dir='ltr'><strong>tunc</strong></span> <span class='ocrx_word' id='word_1_435' title='bbox 2239 2269 2494 2340; x_wconf 83' lang='lat' dir='ltr'><strong>perfecta</strong></span> <span class='ocrx_word' id='word_1_436' title='bbox 2522 2269 2789 2326; x_wconf 86' lang='lat' dir='ltr'><strong>calefient</strong></span> 
     </span>
     <span class='ocr_line' id='line_1_80' title="bbox 1606 2336 2784 2411; baseline 0.003 -18"><span class='ocrx_word' id='word_1_437' title='bbox 1606 2336 1875 2407; x_wconf 82' lang='lat' dir='ltr'><strong>caritate3</strong></span> <span class='ocrx_word' id='word_1_438' title='bbox 1917 2338 2088 2394; x_wconf 91' lang='lat' dir='ltr'><strong>modo</strong></span> <span class='ocrx_word' id='word_1_439' title='bbox 2117 2338 2275 2394; x_wconf 90' lang='lat' dir='ltr'><strong>enim</strong></span> <span class='ocrx_word' id='word_1_440' title='bbox 2326 2343 2417 2395; x_wconf 87' lang='lat' dir='ltr'><strong>est</strong></span> <span class='ocrx_word' id='word_1_441' title='bbox 2451 2338 2604 2410; x_wconf 86' lang='lat' dir='ltr'><strong>ignis</strong></span> <span class='ocrx_word' id='word_1_442' title='bbox 2651 2355 2784 2411; x_wconf 90' lang='lat' dir='ltr'><strong>par-</strong></span> 
     </span>
     <span class='ocr_line' id='line_1_81' title="bbox 1605 2408 2474 2477; baseline 0.002 -13"><span class='ocrx_word' id='word_1_443' title='bbox 1605 2424 1734 2477; x_wconf 89' lang='lat' dir='ltr'><strong>vus,</strong></span> <span class='ocrx_word' id='word_1_444' title='bbox 1762 2408 1863 2465; x_wconf 89' lang='lat' dir='ltr'><strong>sed</strong></span> <span class='ocrx_word' id='word_1_445' title='bbox 1892 2412 2031 2465; x_wconf 91' lang='lat' dir='ltr'><strong>tunc</strong></span> <span class='ocrx_word' id='word_1_446' title='bbox 2058 2409 2169 2465; x_wconf 91' lang='lat' dir='ltr'><strong>erit</strong></span> <span class='ocrx_word' id='word_1_447' title='bbox 2195 2408 2474 2467; x_wconf 76' lang='lat' dir='ltr'><strong>caminus·</strong></span> 
     </span>
    </p>

    <p class='ocr_par' dir='ltr' id='par_1_6' title="bbox 1599 2481 2792 3829">
     <span class='ocr_line' id='line_1_82' title="bbox 1682 2481 2784 2552; baseline 0.003 -16"><span class='ocrx_word' id='word_1_448' title='bbox 1682 2499 1744 2537; x_wconf 64' lang='grc' dir='ltr'><strong>ια</strong></span> <span class='ocrx_word' id='word_1_449' title='bbox 1801 2481 2095 2537; x_wconf 57' lang='lat' dir='ltr'><strong>Pannona</strong></span> <span class='ocrx_word' id='word_1_450' title='bbox 2134 2497 2263 2545; x_wconf 82' lang='lat' dir='ltr'><strong>Qum</strong></span> <span class='ocrx_word' id='word_1_451' title='bbox 2303 2498 2407 2552; x_wconf 70' lang='lat' dir='ltr'><strong>sn,</strong></span> <span class='ocrx_word' id='word_1_452' title='bbox 2444 2497 2510 2538; x_wconf 78' lang='lat' dir='ltr'><strong>m·</strong></span> <span class='ocrx_word' id='word_1_453' title='bbox 2540 2498 2611 2538; x_wconf 74' lang='lat' dir='ltr'><strong>nn</strong></span> <span class='ocrx_word' id='word_1_454' title='bbox 2639 2498 2784 2539; x_wconf 73' lang='lat' dir='ltr'><strong>nono</strong></span> 
     </span>
     <span class='ocr_line' id='line_1_83' title="bbox 1603 2554 2783 2624; baseline 0.003 -17"><span class='ocrx_word' id='word_1_455' title='bbox 1603 2568 1863 2609; x_wconf 68' lang='lat' dir='ltr'><strong>mmmm</strong></span> <span class='ocrx_word' id='word_1_456' title='bbox 1923 2554 2224 2610; x_wconf 70' lang='lat' dir='ltr'><strong>Donnvmi‘t</strong></span> <span class='ocrx_word' id='word_1_457' title='bbox 2278 2583 2347 2596; x_wconf 89' lang='lat'>-</span> <span class='ocrx_word' id='word_1_458' title='bbox 2399 2556 2525 2610; x_wconf 82' lang='lat' dir='ltr'><strong>Haec</strong></span> <span class='ocrx_word' id='word_1_459' title='bbox 2577 2557 2783 2624; x_wconf 82' lang='lat' dir='ltr'><strong>omnia,</strong></span> 
     </span>
     <span class='ocr_line' id='line_1_84' title="bbox 1606 2623 2784 2696; baseline 0.002 -18"><span class='ocrx_word' id='word_1_460' title='bbox 1606 2623 1822 2679; x_wconf 91' lang='lat' dir='ltr'><strong>scilicet</strong></span> <span class='ocrx_word' id='word_1_461' title='bbox 1869 2624 2147 2696; x_wconf 73' lang='lat' dir='ltr'><strong>praedicta</strong></span> <span class='ocrx_word' id='word_1_462' title='bbox 2179 2628 2238 2680; x_wconf 90' lang='lat' dir='ltr'><strong>et</strong></span> <span class='ocrx_word' id='word_1_463' title='bbox 2283 2624 2423 2682; x_wconf 87' lang='lat' dir='ltr'><strong>talia</strong></span> <span class='ocrx_word' id='word_1_464' title='bbox 2467 2625 2664 2694; x_wconf 88' lang='lat' dir='ltr'><strong>multa,</strong></span> <span class='ocrx_word' id='word_1_465' title='bbox 2706 2626 2784 2680; x_wconf 88' lang='lat' dir='ltr'><strong>lo·</strong></span> 
     </span>
     <span class='ocr_line' id='line_1_85' title="bbox 1608 2696 2784 2767; baseline 0.002 -18"><span class='ocrx_word' id='word_1_466' title='bbox 1608 2699 1768 2749; x_wconf 83' lang='lat' dir='ltr'><strong>cutus</strong></span> <span class='ocrx_word' id='word_1_467' title='bbox 1785 2700 1868 2751; x_wconf 78' lang='lat' dir='ltr'><strong>est</strong></span> <span class='ocrx_word' id='word_1_468' title='bbox 1889 2698 2047 2751; x_wconf 80' lang='lat' dir='ltr'><strong>Iesus</strong></span> <span class='ocrx_word' id='word_1_469' title='bbox 2071 2696 2148 2751; x_wconf 86' lang='lat' dir='ltr'><strong>ad</strong></span> <span class='ocrx_word' id='word_1_470' title='bbox 2174 2696 2367 2751; x_wconf 83' lang='lat' dir='ltr'><strong>turbas</strong></span> <span class='ocrx_word' id='word_1_471' title='bbox 2389 2700 2448 2753; x_wconf 84' lang='lat' dir='ltr'><strong>in</strong></span> <span class='ocrx_word' id='word_1_472' title='bbox 2457 2697 2746 2767; x_wconf 80' lang='lat' dir='ltr'><strong>parabolis</strong></span> <span class='ocrx_word' id='word_1_473' title='bbox 2769 2713 2784 2763; x_wconf 72' lang='grc' dir='ltr'><strong>ς</strong></span> 
     </span>
     <span class='ocr_line' id='line_1_86' title="bbox 1604 2763 2791 2838; baseline 0.001 -19"><span class='ocrx_word' id='word_1_474' title='bbox 1604 2769 1661 2820; x_wconf 92' lang='lat' dir='ltr'><strong>et</strong></span> <span class='ocrx_word' id='word_1_475' title='bbox 1716 2763 1849 2820; x_wconf 91' lang='lat' dir='ltr'><strong>licet</strong></span> <span class='ocrx_word' id='word_1_476' title='bbox 1904 2765 2018 2821; x_wconf 90' lang='lat' dir='ltr'><strong>alia</strong></span> <span class='ocrx_word' id='word_1_477' title='bbox 2074 2764 2256 2822; x_wconf 90' lang='lat' dir='ltr'><strong>multa</strong></span> <span class='ocrx_word' id='word_1_478' title='bbox 2321 2766 2446 2822; x_wconf 91' lang='lat' dir='ltr'><strong>sine</strong></span> <span class='ocrx_word' id='word_1_479' title='bbox 2500 2765 2791 2838; x_wconf 84' lang='lat' dir='ltr'><strong>parabolis</strong></span> 
     </span>
     <span class='ocr_line' id='line_1_87' title="bbox 1603 2833 2790 2903; baseline 0.002 -12"><span class='ocrx_word' id='word_1_480' title='bbox 1603 2833 1814 2891; x_wconf 85' lang='lat' dir='ltr'><strong>dixerit</strong></span> <span class='ocrx_word' id='word_1_481' title='bbox 1862 2834 2066 2903; x_wconf 89' lang='lat' dir='ltr'><strong>turbis,</strong></span> <span class='ocrx_word' id='word_1_482' title='bbox 2100 2840 2234 2893; x_wconf 90' lang='lat' dir='ltr'><strong>tunc</strong></span> <span class='ocrx_word' id='word_1_483' title='bbox 2269 2840 2465 2893; x_wconf 88' lang='lat' dir='ltr'><strong>tamen</strong></span> <span class='ocrx_word' id='word_1_484' title='bbox 2495 2836 2638 2893; x_wconf 90' lang='lat' dir='ltr'><strong>nihil</strong></span> <span class='ocrx_word' id='word_1_485' title='bbox 2667 2836 2790 2893; x_wconf 90' lang='lat' dir='ltr'><strong>sine</strong></span> 
     </span>
     <span class='ocr_line' id='line_1_88' title="bbox 1602 2906 2792 2977; baseline 0 -15"><span class='ocrx_word' id='word_1_486' title='bbox 1602 2906 1897 2977; x_wconf 88' lang='lat' dir='ltr'><strong>parabolis</strong></span> <span class='ocrx_word' id='word_1_487' title='bbox 1929 2906 2072 2964; x_wconf 86' lang='lat' dir='ltr'><strong>dixit</strong></span> <span class='ocrx_word' id='word_1_488' title='bbox 2099 2907 2205 2977; x_wconf 91' lang='lat' dir='ltr'><strong>eis,</strong></span> <span class='ocrx_word' id='word_1_489' title='bbox 2236 2914 2298 2964; x_wconf 89' lang='lat' dir='ltr'><strong>ut</strong></span> <span class='ocrx_word' id='word_1_490' title='bbox 2344 2907 2560 2966; x_wconf 88' lang='lat' dir='ltr'><strong>scilicet</strong></span> <span class='ocrx_word' id='word_1_491' title='bbox 2602 2923 2792 2964; x_wconf 91' lang='lat' dir='ltr'><strong>move-</strong></span> 
     </span>
     <span class='ocr_line' id='line_1_89' title="bbox 1604 2978 2782 3063; baseline 0 -29"><span class='ocrx_word' id='word_1_492' title='bbox 1604 2982 1809 3034; x_wconf 90' lang='lat' dir='ltr'><strong>rentur</strong></span> <span class='ocrx_word' id='word_1_493' title='bbox 1836 2978 1911 3035; x_wconf 88' lang='lat' dir='ltr'><strong>ad</strong></span> <span class='ocrx_word' id='word_1_494' title='bbox 1943 2979 2418 3063; x_wconf 84' lang='lat' dir='ltr'><strong>interrogandum</strong></span> <span class='ocrx_word' id='word_1_495' title='bbox 2451 2980 2523 3037; x_wconf 91' lang='lat' dir='ltr'><strong>de</strong></span> <span class='ocrx_word' id='word_1_496' title='bbox 2556 2978 2782 3036; x_wconf 75' lang='lat' dir='ltr'><strong>auditis,</strong></span> 
     </span>
     <span class='ocr_line' id='line_1_90' title="bbox 1603 3049 2789 3117; baseline 0 -12"><span class='ocrx_word' id='word_1_497' title='bbox 1603 3049 1751 3117; x_wconf 87' lang='lat' dir='ltr'><strong>Quia</strong></span> <span class='ocrx_word' id='word_1_498' title='bbox 1787 3050 1945 3106; x_wconf 91' lang='lat' dir='ltr'><strong>enim</strong></span> <span class='ocrx_word' id='word_1_499' title='bbox 1972 3051 2304 3109; x_wconf 80' lang='lat' dir='ltr'><strong>hominibus</strong></span> <span class='ocrx_word' id='word_1_500' title='bbox 2331 3052 2570 3109; x_wconf 88' lang='lat' dir='ltr'><strong>rudibus</strong></span> <span class='ocrx_word' id='word_1_501' title='bbox 2600 3052 2654 3107; x_wconf 92' lang='lat' dir='ltr'><strong>lo</strong></span> <span class='ocrx_word' id='word_1_502' title='bbox 2697 3065 2789 3106; x_wconf 90' lang='lat' dir='ltr'><strong>ue·</strong></span> 
     </span>
     <span class='ocr_line' id='line_1_91' title="bbox 1602 3120 2786 3195; baseline -0.003 -18"><span class='ocrx_word' id='word_1_503' title='bbox 1602 3120 1777 3177; x_wconf 91' lang='lat' dir='ltr'><strong>batur</strong></span> <span class='ocrx_word' id='word_1_504' title='bbox 1806 3121 1878 3178; x_wconf 91' lang='lat' dir='ltr'><strong>de</strong></span> <span class='ocrx_word' id='word_1_505' title='bbox 1903 3138 2086 3193; x_wconf 89' lang='lat' dir='ltr'><strong>regno</strong></span> <span class='ocrx_word' id='word_1_506' title='bbox 2117 3123 2238 3191; x_wconf 89' lang='lat' dir='ltr'><strong>Dei,</strong></span> <span class='ocrx_word' id='word_1_507' title='bbox 2273 3138 2416 3195; x_wconf 91' lang='lat' dir='ltr'><strong>opus</strong></span> <span class='ocrx_word' id='word_1_508' title='bbox 2444 3128 2572 3180; x_wconf 91' lang='lat' dir='ltr'><strong>erat</strong></span> <span class='ocrx_word' id='word_1_509' title='bbox 2599 3121 2659 3178; x_wconf 93' lang='lat' dir='ltr'><strong>in</strong></span> <span class='ocrx_word' id='word_1_510' title='bbox 2704 3121 2786 3177; x_wconf 90' lang='lat' dir='ltr'><strong>uci</strong></span> 
     </span>
     <span class='ocr_line' id='line_1_92' title="bbox 1602 3191 2790 3265; baseline -0.001 -18"><span class='ocrx_word' id='word_1_511' title='bbox 1602 3207 1704 3247; x_wconf 91' lang='lat' dir='ltr'><strong>eos</strong></span> <span class='ocrx_word' id='word_1_512' title='bbox 1744 3191 1956 3250; x_wconf 90' lang='lat' dir='ltr'><strong>talibus</strong></span> <span class='ocrx_word' id='word_1_513' title='bbox 1992 3194 2305 3265; x_wconf 86' lang='lat' dir='ltr'><strong>parabolis,</strong></span> <span class='ocrx_word' id='word_1_514' title='bbox 2338 3200 2397 3249; x_wconf 87' lang='lat' dir='ltr'><strong>et</strong></span> <span class='ocrx_word' id='word_1_515' title='bbox 2434 3209 2627 3249; x_wconf 91' lang='lat' dir='ltr'><strong>rerum</strong></span> <span class='ocrx_word' id='word_1_516' title='bbox 2658 3207 2790 3247; x_wconf 90' lang='lat' dir='ltr'><strong>sen·</strong></span> 
     </span>
     <span class='ocr_line' id='line_1_93' title="bbox 1602 3260 2783 3340; baseline -0.002 -23"><span class='ocrx_word' id='word_1_517' title='bbox 1602 3260 1853 3319; x_wconf 90' lang='lat' dir='ltr'><strong>sibilium</strong></span> <span class='ocrx_word' id='word_1_518' title='bbox 1907 3263 1993 3319; x_wconf 90' lang='lat' dir='ltr'><strong>eis</strong></span> <span class='ocrx_word' id='word_1_519' title='bbox 2047 3263 2407 3334; x_wconf 79' lang='lat' dir='ltr'><strong>cognitarum</strong></span> <span class='ocrx_word' id='word_1_520' title='bbox 2462 3260 2783 3340; x_wconf 79' lang='lat' dir='ltr'><strong>similitudi-</strong></span> 
     </span>
     <span class='ocr_line' id='line_1_94' title="bbox 1601 3330 2786 3402; baseline -0.003 -14"><span class='ocrx_word' id='word_1_521' title='bbox 1601 3332 1790 3402; x_wconf 79' lang='lat' dir='ltr'><strong>nibuS‚</strong></span> <span class='ocrx_word' id='word_1_522' title='bbox 1808 3333 1884 3388; x_wconf 91' lang='lat' dir='ltr'><strong>ad</strong></span> <span class='ocrx_word' id='word_1_523' title='bbox 1905 3332 2230 3390; x_wconf 86' lang='lat' dir='ltr'><strong>divinorum</strong></span> <span class='ocrx_word' id='word_1_524' title='bbox 2253 3348 2463 3389; x_wconf 90' lang='lat' dir='ltr'><strong>arcana</strong></span> <span class='ocrx_word' id='word_1_525' title='bbox 2486 3350 2498 3388; x_wconf 91' lang='lat'><strong>:</strong></span> <span class='ocrx_word' id='word_1_526' title='bbox 2524 3336 2584 3388; x_wconf 91' lang='lat' dir='ltr'><strong>ut</strong></span> <span class='ocrx_word' id='word_1_527' title='bbox 2608 3347 2676 3388; x_wconf 84' lang='lat' dir='ltr'><strong>ex</strong></span> <span class='ocrx_word' id='word_1_528' title='bbox 2694 3330 2786 3386; x_wconf 79' lang='lat' dir='ltr'><strong>his</strong></span> 
     </span>
     <span class='ocr_line' id='line_1_95' title="bbox 1602 3401 2781 3474; baseline -0.002 -16"><span class='ocrx_word' id='word_1_529' title='bbox 1602 3419 1731 3474; x_wconf 85' lang='lat' dir='ltr'><strong>quae</strong></span> <span class='ocrx_word' id='word_1_530' title='bbox 1751 3402 1978 3458; x_wconf 87' lang='lat' dir='ltr'><strong>animus</strong></span> <span class='ocrx_word' id='word_1_531' title='bbox 2001 3403 2178 3471; x_wconf 91' lang='lat' dir='ltr'><strong>novit,</strong></span> <span class='ocrx_word' id='word_1_532' title='bbox 2207 3406 2404 3473; x_wconf 88' lang='lat' dir='ltr'><strong>surgat</strong></span> <span class='ocrx_word' id='word_1_533' title='bbox 2425 3403 2498 3458; x_wconf 90' lang='lat' dir='ltr'><strong>ad</strong></span> <span class='ocrx_word' id='word_1_534' title='bbox 2523 3401 2781 3471; x_wconf 90' lang='lat' dir='ltr'><strong>incogni-</strong></span> 
     </span>
     <span class='ocr_line' id='line_1_96' title="bbox 1602 3472 2782 3544; baseline -0.002 -15"><span class='ocrx_word' id='word_1_535' title='bbox 1602 3476 1682 3542; x_wconf 85' lang='lat' dir='ltr'><strong>ta,</strong></span> <span class='ocrx_word' id='word_1_536' title='bbox 1710 3476 1765 3529; x_wconf 88' lang='lat' dir='ltr'><strong>et</strong></span> <span class='ocrx_word' id='word_1_537' title='bbox 1791 3472 2047 3544; x_wconf 83' lang='lat' dir='ltr'><strong>exemplo</strong></span> <span class='ocrx_word' id='word_1_538' title='bbox 2072 3472 2401 3541; x_wconf 88' lang='lat' dir='ltr'><strong>visibilium,</strong></span> <span class='ocrx_word' id='word_1_539' title='bbox 2425 3472 2683 3544; x_wconf 82' lang='lat' dir='ltr'><strong>rapiatur</strong></span> <span class='ocrx_word' id='word_1_540' title='bbox 2710 3472 2782 3528; x_wconf 89' lang='lat' dir='ltr'><strong>ad</strong></span> 
     </span>
     <span class='ocr_line' id='line_1_97' title="bbox 1600 3541 2782 3615; baseline -0.001 -16"><span class='ocrx_word' id='word_1_541' title='bbox 1600 3541 1934 3612; x_wconf 88' lang='lat' dir='ltr'><strong>invisibilia,</strong></span> <span class='ocrx_word' id='word_1_542' title='bbox 1956 3558 2022 3599; x_wconf 86' lang='lat' dir='ltr'><strong>ac</strong></span> <span class='ocrx_word' id='word_1_543' title='bbox 2045 3558 2146 3615; x_wconf 90' lang='lat' dir='ltr'><strong>per</strong></span> <span class='ocrx_word' id='word_1_544' title='bbox 2175 3559 2243 3600; x_wconf 92' lang='lat' dir='ltr'><strong>ea</strong></span> <span class='ocrx_word' id='word_1_545' title='bbox 2271 3559 2397 3615; x_wconf 83' lang='lat' dir='ltr'><strong>quae</strong></span> <span class='ocrx_word' id='word_1_546' title='bbox 2422 3543 2545 3600; x_wconf 87' lang='lat' dir='ltr'><strong>visu</strong></span> <span class='ocrx_word' id='word_1_547' title='bbox 2561 3541 2782 3611; x_wconf 88' lang='lat' dir='ltr'><strong>didicit,</strong></span> 
     </span>
     <span class='ocr_line' id='line_1_98' title="bbox 1602 3613 2785 3685; baseline -0.001 -15"><span class='ocrx_word' id='word_1_548' title='bbox 1602 3613 1782 3670; x_wconf 86' lang='lat' dir='ltr'><strong>discat</strong></span> <span class='ocrx_word' id='word_1_549' title='bbox 1810 3628 2006 3670; x_wconf 88' lang='lat' dir='ltr'><strong>amare</strong></span> <span class='ocrx_word' id='word_1_550' title='bbox 2040 3629 2169 3685; x_wconf 83' lang='lat' dir='ltr'><strong>quae</strong></span> <span class='ocrx_word' id='word_1_551' title='bbox 2203 3630 2319 3672; x_wconf 89' lang='lat' dir='ltr'><strong>non</strong></span> <span class='ocrx_word' id='word_1_552' title='bbox 2365 3614 2563 3683; x_wconf 80' lang='lat' dir='ltr'><strong>novit3</strong></span> <span class='ocrx_word' id='word_1_553' title='bbox 2592 3617 2657 3670; x_wconf 91' lang='lat' dir='ltr'><strong>ut</strong></span> <span class='ocrx_word' id='word_1_554' title='bbox 2688 3613 2785 3685; x_wconf 91' lang='lat' dir='ltr'><strong>qui</strong></span> 
     </span>
     <span class='ocr_line' id='line_1_99' title="bbox 1599 3683 2789 3759; baseline -0.001 -18"><span class='ocrx_word' id='word_1_555' title='bbox 1599 3683 1860 3741; x_wconf 90' lang='lat' dir='ltr'><strong>coelestia</strong></span> <span class='ocrx_word' id='word_1_556' title='bbox 1912 3701 2118 3758; x_wconf 90' lang='lat' dir='ltr'><strong>capere</strong></span> <span class='ocrx_word' id='word_1_557' title='bbox 2169 3702 2288 3744; x_wconf 92' lang='lat' dir='ltr'><strong>non</strong></span> <span class='ocrx_word' id='word_1_558' title='bbox 2338 3689 2623 3759; x_wconf 91' lang='lat' dir='ltr'><strong>poterant,</strong></span> <span class='ocrx_word' id='word_1_559' title='bbox 2685 3701 2789 3757; x_wconf 90' lang='lat' dir='ltr'><strong>per</strong></span> 
     </span>
     <span class='ocr_line' id='line_1_100' title="bbox 1599 3753 2790 3829; baseline -0.001 -17"><span class='ocrx_word' id='word_1_560' title='bbox 1599 3753 2035 3814; x_wconf 90' lang='lat' dir='ltr'><strong>similitudinem</strong></span> <span class='ocrx_word' id='word_1_561' title='bbox 2065 3762 2358 3815; x_wconf 86' lang='lat' dir='ltr'><strong>terrenam</strong></span> <span class='ocrx_word' id='word_1_562' title='bbox 2388 3757 2584 3816; x_wconf 89' lang='lat' dir='ltr'><strong>audita</strong></span> <span class='ocrx_word' id='word_1_563' title='bbox 2610 3755 2790 3829; x_wconf 89' lang='lat' dir='ltr'><strong>perci-</strong></span> 
     </span>
    </p>
   </div>
   <div class='ocr_carea' id='block_1_4' title="bbox 1595 3829 2790 4549">
    <p class='ocr_par' dir='ltr' id='par_1_7' title="bbox 1595 3829 2790 4549">
     <span class='ocr_line' id='line_1_101' title="bbox 1597 3829 2784 3963; baseline -0.001 -70"><span class='ocrx_word' id='word_1_564' title='bbox 1597 3840 1825 3963; x_wconf 60' lang='lat' dir='ltr'><strong>perent.</strong></span> <span class='ocrx_word' id='word_1_565' title='bbox 1855 3829 2136 3908; x_wconf 65' lang='lat' dir='ltr'><strong>Hoepoessvkz&#39;i</strong></span> <span class='ocrx_word' id='word_1_566' title='bbox 2163 3837 2320 3896; x_wconf 90' lang='lat' dir='ltr'><strong>enim</strong></span> <span class='ocrx_word' id='word_1_567' title='bbox 2358 3839 2578 3909; x_wconf 83' lang='lat' dir='ltr'><strong>Graece,</strong></span> <span class='ocrx_word' id='word_1_568' title='bbox 2625 3840 2784 3918; x_wconf 57' lang='lat' dir='ltr'><strong>simi-</strong></span> 
     </span>
     <span class='ocr_line' id='line_1_102' title="bbox 1625 3906 2785 3990; baseline 0.001 -27"><span class='ocrx_word' id='word_1_569' title='bbox 1625 3908 1782 3963; x_wconf 80' lang='lat' dir='ltr'><strong>itudo</strong></span> <span class='ocrx_word' id='word_1_570' title='bbox 1808 3906 2016 3966; x_wconf 90' lang='lat' dir='ltr'><strong>dicitur</strong></span> <span class='ocrx_word' id='word_1_571' title='bbox 2044 3908 2263 3980; x_wconf 85' lang='lat' dir='ltr'><strong>Latine,</strong></span> <span class='ocrx_word' id='word_1_572' title='bbox 2289 3925 2395 3982; x_wconf 86' lang='lat' dir='ltr'><strong>per</strong></span> <span class='ocrx_word' id='word_1_573' title='bbox 2423 3924 2597 3982; x_wconf 91' lang='lat' dir='ltr'><strong>quam</strong></span> <span class='ocrx_word' id='word_1_574' title='bbox 2635 3924 2785 3990; x_wconf 79' lang='lat' dir='ltr'><strong>verl-</strong></span> 
     </span>
     <span class='ocr_line' id='line_1_103' title="bbox 1599 3979 2788 4060; baseline -0.001 -25"><span class='ocrx_word' id='word_1_575' title='bbox 1599 3984 1690 4035; x_wconf 88' lang='lat' dir='ltr'><strong>tas</strong></span> <span class='ocrx_word' id='word_1_576' title='bbox 1743 3979 2192 4051; x_wconf 88' lang='lat' dir='ltr'><strong>demonstratur,</strong></span> <span class='ocrx_word' id='word_1_577' title='bbox 2241 3986 2301 4038; x_wconf 91' lang='lat' dir='ltr'><strong>et</strong></span> <span class='ocrx_word' id='word_1_578' title='bbox 2350 3981 2411 4037; x_wconf 90' lang='lat' dir='ltr'><strong>in</strong></span> <span class='ocrx_word' id='word_1_579' title='bbox 2456 3995 2586 4051; x_wconf 85' lang='lat' dir='ltr'><strong>qua,</strong></span> <span class='ocrx_word' id='word_1_580' title='bbox 2630 3979 2788 4060; x_wconf 74' lang='lat' dir='ltr'><strong>alind</strong></span> 
     </span>
     <span class='ocr_line' id='line_1_104' title="bbox 1599 4049 2790 4112; baseline -0.003 -5"><span class='ocrx_word' id='word_1_581' title='bbox 1599 4049 1827 4112; x_wconf 87' lang='lat' dir='ltr'><strong>dicitur.</strong></span> <span class='ocrx_word' id='word_1_582' title='bbox 1862 4056 1921 4108; x_wconf 91' lang='lat' dir='ltr'><strong>et</strong></span> <span class='ocrx_word' id='word_1_583' title='bbox 1952 4052 2109 4109; x_wconf 91' lang='lat' dir='ltr'><strong>aliud</strong></span> <span class='ocrx_word' id='word_1_584' title='bbox 2133 4051 2553 4110; x_wconf 89' lang='lat' dir='ltr'><strong>rationabiliter</strong></span> <span class='ocrx_word' id='word_1_585' title='bbox 2582 4049 2790 4107; x_wconf 79' lang='lat' dir='ltr'><strong>intelli-</strong></span> 
     </span>
     <span class='ocr_line' id='line_1_105' title="bbox 1598 4120 2784 4192; baseline 0 -16"><span class='ocrx_word' id='word_1_586' title='bbox 1598 4120 1771 4192; x_wconf 85' lang='lat' dir='ltr'><strong>gitur.</strong></span> <span class='ocrx_word' id='word_1_587' title='bbox 1818 4123 1977 4180; x_wconf 89' lang='lat' dir='ltr'><strong>Unde</strong></span> <span class='ocrx_word' id='word_1_588' title='bbox 2024 4123 2215 4181; x_wconf 88' lang='lat' dir='ltr'><strong>subdit</strong></span> <span class='ocrx_word' id='word_1_589' title='bbox 2250 4125 2399 4180; x_wconf 89' lang='lat' dir='ltr'><strong>hanc</strong></span> <span class='ocrx_word' id='word_1_590' title='bbox 2445 4120 2784 4179; x_wconf 91' lang='lat' dir='ltr'><strong>admonitio·</strong></span> 
     </span>
     <span class='ocr_line' id='line_1_106' title="bbox 1596 4194 2780 4261; baseline -0.001 -13"><span class='ocrx_word' id='word_1_591' title='bbox 1596 4207 1729 4249; x_wconf 91' lang='lat' dir='ltr'><strong>nem</strong></span> <span class='ocrx_word' id='word_1_592' title='bbox 1757 4210 1771 4249; x_wconf 92' lang='lat'><strong>:</strong></span> <span class='ocrx_word' id='word_1_593' title='bbox 1797 4195 1924 4251; x_wconf 82' lang='lat' dir='ltr'><strong>Haee</strong></span> <span class='ocrx_word' id='word_1_594' title='bbox 1951 4195 2159 4259; x_wconf 73' lang='lat' dir='ltr'><strong>dicem,</strong></span> <span class='ocrx_word' id='word_1_595' title='bbox 2189 4195 2468 4251; x_wconf 79' lang='lat' dir='ltr'><strong>clamabat</strong></span> <span class='ocrx_word' id='word_1_596' title='bbox 2502 4211 2516 4250; x_wconf 70' lang='grc' dir='ltr'>ε</span> <span class='ocrx_word' id='word_1_597' title='bbox 2545 4194 2654 4261; x_wconf 81' lang='lat' dir='ltr'><strong>Qui</strong></span> <span class='ocrx_word' id='word_1_598' title='bbox 2681 4194 2780 4248; x_wconf 80' lang='lat' dir='ltr'><strong>ha-</strong></span> 
     </span>
     <span class='ocr_line' id='line_1_107' title="bbox 1600 4261 2781 4333; baseline -0.001 -14"><span class='ocrx_word' id='word_1_599' title='bbox 1600 4264 1686 4321; x_wconf 83' lang='lat' dir='ltr'><strong>bet</strong></span> <span class='ocrx_word' id='word_1_600' title='bbox 1712 4280 1877 4321; x_wconf 77' lang='lat' dir='ltr'><strong>aures</strong></span> <span class='ocrx_word' id='word_1_601' title='bbox 1906 4265 2195 4333; x_wconf 78' lang='lat' dir='ltr'><strong>audiendi,</strong></span> <span class='ocrx_word' id='word_1_602' title='bbox 2225 4266 2442 4321; x_wconf 78' lang='lat' dir='ltr'><strong>audiat.</strong></span> <span class='ocrx_word' id='word_1_603' title='bbox 2478 4265 2659 4332; x_wconf 89' lang='lat' dir='ltr'><strong>Quam</strong></span> <span class='ocrx_word' id='word_1_604' title='bbox 2691 4261 2781 4320; x_wconf 88' lang='lat' dir='ltr'><strong>ad-</strong></span> 
     </span>
     <span class='ocr_line' id='line_1_108' title="bbox 1597 4332 2779 4392; baseline -0.001 -2"><span class='ocrx_word' id='word_1_605' title='bbox 1597 4333 1977 4392; x_wconf 89' lang='lat' dir='ltr'><strong>monitionem</strong></span> <span class='ocrx_word' id='word_1_606' title='bbox 2023 4334 2184 4392; x_wconf 87' lang='lat' dir='ltr'><strong>addit</strong></span> <span class='ocrx_word' id='word_1_607' title='bbox 2225 4334 2501 4392; x_wconf 86' lang='lat' dir='ltr'><strong>Dominus</strong></span> <span class='ocrx_word' id='word_1_608' title='bbox 2545 4334 2604 4390; x_wconf 91' lang='lat' dir='ltr'><strong>in</strong></span> <span class='ocrx_word' id='word_1_609' title='bbox 2642 4332 2779 4390; x_wconf 90' lang='lat' dir='ltr'><strong>locis</strong></span> 
     </span>
     <span class='ocr_line' id='line_1_109' title="bbox 1596 4404 2780 4476; baseline 0 -16"><span class='ocrx_word' id='word_1_610' title='bbox 1596 4404 1874 4476; x_wconf 87' lang='lat' dir='ltr'><strong>pluribus.</strong></span> <span class='ocrx_word' id='word_1_611' title='bbox 1927 4407 2092 4474; x_wconf 88' lang='lat' dir='ltr'><strong>Nam,</strong></span> <span class='ocrx_word' id='word_1_612' title='bbox 2145 4406 2460 4462; x_wconf 89' lang='lat' dir='ltr'><strong>secundum</strong></span> <span class='ocrx_word' id='word_1_613' title='bbox 2513 4407 2780 4473; x_wconf 74' lang='lat' dir='ltr'><strong>Hierony-</strong></span> 
     </span>
     <span class='ocr_line' id='line_1_110' title="bbox 1595 4473 2776 4549; baseline 0.001 -20"><span class='ocrx_word' id='word_1_614' title='bbox 1595 4491 1765 4539; x_wconf 84' lang='lat' dir='ltr'><strong>mum,</strong></span> <span class='ocrx_word' id='word_1_615' title='bbox 1781 4473 2123 4547; x_wconf 89' lang='lat' dir='ltr'><strong>ubicumque</strong></span> <span class='ocrx_word' id='word_1_616' title='bbox 2133 4474 2365 4549; x_wconf 90' lang='lat' dir='ltr'><strong>ponitur</strong></span> <span class='ocrx_word' id='word_1_617' title='bbox 2384 4476 2495 4533; x_wconf 82' lang='lat' dir='ltr'><strong>hoc</strong></span> <span class='ocrx_word' id='word_1_618' title='bbox 2512 4476 2776 4544; x_wconf 82' lang='lat' dir='ltr'><strong>verbum,</strong></span> 
     </span>
    </p>
   </div>
  </div>
 </body>
</html>
