3146 5023
475 434 565 490 316

476 548 754 611 curreret,
773 544 924 601 bona
946 543 1018 601 de
1046 546 1253 616 quihus
1290 543 1440 600 tilius
1471 548 1658 616 potest

478 616 530 673 ei
562 615 1124 687 administrare‚jam
1156 617 1262 671 sibi
1287 615 1480 672 debita
1500 620 1652 672 sunt.

472 689 558 745 De
595 687 781 743 alieno
834 692 1024 742 autem
1077 685 1262 743 nullus
1300 692 1488 758 potest
1538 688 1655 744 Deo

476 760 664 817 facere
693 756 1056 826 sacrificium,
1081 762 1141 813 et
1164 756 1294 813 ideo
1320 761 1460 815 talia
1489 759 1657 815 offer-

479 847 542 886 re
608 844 722 884 non
769 834 855 883 est
908 826 1147 898 licitum,
1251 827 1342 885 uia
1394 830 1508 886 hoc
1567 833 1657 886 est

480 897 802 969 transgredi
832 904 1182 970 praeceptum
1251 916 1279 955 e
1306 901 1524 958 honore
1548 915 1656 973 pa-

483 974 745 1039 rentum3
789 986 949 1027 secus
973 974 1185 1039 autem,
1219 969 1266 1027 si
1305 972 1458 1029 filius
1504 973 1658 1030 bona

478 1057 581 1098 sua
633 1041 902 1106 vovisset,
935 1046 1241 1114 antequam
1299 1048 1564 1114 parentes
1596 1045 1655 1100 in

483 1114 823 1169 necessitate
874 1112 1040 1181 positi
1089 1119 1301 1184 essent,
1358 1114 1494 1187 quia
1520 1121 1657 1172 tunc

481 1200 598 1240 non
644 1192 796 1241 esset
850 1184 1069 1241 licitum
1104 1185 1174 1242 de
1226 1185 1310 1242 eis
1350 1186 1654 1258 providere

485 1255 841 1327 parentibus
1244 1306 1245 1309 ,

556 1333 588 1381 5
628 1330 950 1383 Hrrocmsm
990 1329 1390 1386 Pnamszsonmt
1438 1347 1656 1386 nuna-

481 1416 604 1454 rnn.
629 1431 699 1439 —
717 1399 934 1455 Deinde
954 1400 1306 1470 redarguens
1322 1417 1420 1458 eos
1442 1402 1513 1459 de
1529 1418 1657 1458 san-

486 1469 696 1526 ctitatis
727 1469 1111 1539 simulatione,
1140 1473 1366 1529 subdit:
1392 1476 1657 1542 Hypoeri-

484 1550 568 1610 tae,
585 1543 713 1597 bene
722 1545 1128 1613 prophetizavit
1139 1544 1207 1598 de
1222 1545 1375 1599 vobis
1385 1547 1563 1600 Isaias
1575 1546 1655 1600 di-

479 1629 602 1669 cens
635 1633 652 1668 ε
683 1616 930 1684 Populus
961 1617 1050 1669 hic
1080 1615 1248 1670 labiis
1283 1632 1368 1670 me
1397 1617 1652 1684 honorat,

476 1701 566 1740 cor
596 1692 778 1740 autem
795 1701 976 1739 eorum
1007 1686 1164 1743 lonoe
1193 1690 1273 1741 est
1300 1703 1334 1740 a
1364 1703 1484 1754 me3
1519 1685 1654 1757 quia

481 1756 863 1811 ostendebant
891 1755 1251 1812 sanctitatem
1281 1757 1340 1813 in
1369 1756 1558 1813 verbis
1597 1762 1654 1814 et

481 1826 750 1881 exteriori
798 1829 1249 1895 conversatione,
1282 1844 1409 1884 cum
1457 1834 1653 1884 tamen

482 1899 730 1967 corrupti
759 1902 953 1953 essent
980 1897 1128 1953 mala
1159 1897 1497 1955 intentione.
1535 1902 1653 1956 Hoc

477 1974 666 2039 potest
695 1967 804 2024 dici
859 1967 930 2024 de
972 1967 1084 2024 illis
1119 1969 1214 2039 qui
1244 1971 1390 2027 bene
1420 1971 1650 2040 docent,

480 2043 535 2094 et
567 2039 712 2095 male
759 2038 994 2110 vivunt3
1045 2039 1211 2098 labiis
1234 2043 1388 2098 enim
1426 2047 1483 2098 et
1534 2059 1652 2098 non

483 2111 652 2166 corde
686 2113 865 2167 Deum
885 2113 1192 2178 honorare,
1217 2118 1305 2170 est
1330 2115 1476 2171 bene
1495 2111 1652 2184 loqui

477 2187 535 2238 et
557 2183 702 2239 male
724 2182 931 2239 vivere.
946 2185 1078 2240 Sine
1095 2201 1263 2240 causa
1276 2201 1432 2257 ergo,
1457 2190 1513 2241 et
1533 2185 1650 2240 fru-

485 2259 625 2322 stra,
640 2256 823 2309 colunt
843 2270 944 2314 me.
969 2270 1085 2310 non
1105 2256 1321 2312 habent
1340 2272 1385 2311 2s
1407 2257 1654 2312 fructum

481 2323 655 2392 inde3
698 2324 843 2381 sicut
893 2324 1047 2381 enim
1107 2326 1392 2383 medicina
1443 2325 1654 2382 dicitur

482 2395 695 2451 frustra
740 2400 795 2451 et
826 2397 947 2451 sine
979 2412 1151 2452 causa
1184 2397 1495 2468 propinari,
1525 2413 1653 2468 quae

479 2481 593 2521 non
619 2465 840 2522 confert
869 2464 1190 2530 sanitatem.
1220 2466 1301 2524 sic
1330 2471 1516 2525 cultus
1562 2467 1652 2525 di-

477 2537 644 2592 vinus
693 2540 788 2609 qui
830 2554 944 2593 non
974 2537 1129 2594 ducit
1180 2539 1254 2595 ad
1283 2538 1649 2607 felicitatem3

485 2609 733 2664 docentes
779 2610 1065 2665 doctrinas
1095 2618 1146 2665 et
1177 2612 1447 2667 mandata
1479 2615 1652 2668 homi-

476 2696 637 2749 -num,
670 2684 726 2737 et
753 2695 855 2751 per
883 2681 1004 2737 haec
1025 2682 1347 2753 transgredi
1368 2681 1465 2739 Dei
1498 2699 1656 2739 man-

481 2752 698 2820 datum,
729 2759 963 2823 propter
999 2756 1296 2809 avaritiam
1323 2760 1379 2809 et
1410 2756 1649 2810 lucrum.

481 2824 568 2887 Et,
595 2823 896 2878 confutatis
924 2824 1183 2894 superbis
1208 2829 1265 2880 et
1294 2824 1653 2907 superstitio-

489 2893 567 2949 sis
598 2892 810 2949 Scribis
837 2897 894 2949 et
925 2894 1249 2958 Pharisaeis,
1281 2912 1377 2967 qul
1418 2898 1487 2953 ad
1519 2911 1651 2967 par-

487 2970 603 3021 tem
629 2964 890 3022 videntur
912 2965 1019 3022 sibi
1042 2967 1314 3039 praedicta
1343 2973 1542 3023 contra
1563 2966 1651 3022 di-

487 3037 737 3107 scipulos
753 3035 981 3106 dixisse,
997 3038 1275 3094 convertit
1297 3055 1356 3095 se
1380 3037 1653 3094 Dominus

485 3108 558 3163 ad
578 3110 803 3165 turbam
830 3108 1102 3165 humilem
1133 3115 1190 3166 et
1210 3109 1544 3180 simplicem,
1561 3125 1654 3165 vo-

490 3177 614 3234 lens
644 3196 741 3235 eos
784 3196 817 3234 a
848 3180 988 3236 falsa
1040 3180 1300 3236 doctrina
1333 3180 1652 3236 Pharisaeo-

478 3264 605 3304 rum
651 3265 915 3307 revocare
942 3268 955 3317 ;
1009 3257 1060 3307 et
1114 3252 1190 3306 ad
1236 3268 1293 3306 se
1341 3255 1654 3307 convocatis

485 3320 638 3373 dimit
667 3323 745 3373 eis
773 3338 786 3374 ι
817 3323 1046 3388 Audite,
1078 3322 1323 3378 exterius
1360 3339 1497 3379 aure
1526 3339 1653 3379 cor-

488 3388 666 3460 poriS,
729 3393 780 3444 et
848 3394 1168 3461 intelliqite,
1220 3392 1458 3449 interius
1515 3410 1653 3450 aure

486 3459 721 3529 mentis;
764 3460 956 3517 audite
997 3478 1213 3530 vocem,
1247 3469 1304 3520 et
1355 3464 1654 3537 intelligite

483 3530 772 3588 virtutem.
799 3536 923 3592 Non
954 3533 1105 3604 quod
1133 3537 1314 3590 intrat
1340 3537 1401 3590 in
1425 3552 1483 3591 os
1517 3553 1655 3594 cor—

484 3603 661 3675 poriS,
698 3603 916 3661 scilicet
949 3604 1109 3661 cibus
1137 3606 1469 3677 corporaliS,
1502 3610 1657 3663 coin-

488 3678 687 3758 quinat
713 3678 981 3731 hominem
1018 3675 1411 3747 spiritualiter,
1443 3677 1658 3734 scilicet

487 3764 544 3803 m
565 3750 760 3804 anima
787 3753 845 3804 et
861 3748 1010 3819 apud
1039 3750 1240 3818 Deum,
1259 3747 1369 3804 nisi
1395 3749 1457 3805 in
1486 3765 1661 3820 quan-

484 3825 606 3875 tum
643 3835 746 3891 per
775 3818 1210 3877 delectationem
1236 3821 1383 3877 male
1413 3820 1660 3877 afficitur

488 3890 616 3961 quis
672 3891 745 3947 ad
797 3890 1006 3961 cibum,
1056 3892 1145 3949 vel
1175 3891 1318 3949 alias
1360 3898 1512 3949 esset
1551 3890 1660 3948 sibi

485 3961 878 4035 prohibitum:
909 3963 1043 4035 quia
1070 3980 1186 4020 non
1236 3962 1409 4019 intrat
1463 3963 1522 4018 in
1561 3979 1662 4019 cor

490 4035 635 4106 ejuS,
666 4034 777 4091 hoc
802 4040 890 4091 est
919 4034 977 4092 in
1008 4034 1280 4103 animam,
1314 4050 1440 4105 quae
1486 4049 1661 4090 causa

487 4111 574 4163 est
626 4105 814 4162 omnis
871 4105 1252 4162 immunditiae
1305 4105 1614 4177 spiritualis
1643 4122 1658 4172 ;

451 4215 458 4221 -
486 4178 642 4235 unde
670 4177 1002 4249 corporales
1032 4180 1232 4234 sordes
1262 4193 1376 4234 non
1397 4176 1659 4249 coinqui-

488 4253 628 4305 nant
678 4248 1076 4319 spiritualiter,
1127 4254 1184 4305 et
1238 4248 1367 4305 ideo
1416 4265 1531 4306 non
1580 4251 1665 4304 est

492 4319 807 4376 curandum
838 4323 1031 4376 utrum
1071 4319 1204 4376 lotis
1238 4319 1326 4374 vel
1372 4336 1491 4376 non
1535 4318 1666 4375 lotis

490 4388 781 4457 manibus,
854 4390 1170 4461 corporalis
1227 4388 1542 4460 accipiatur
1585 4389 1666 4446 ci-

1074 438 1338 509 ‚1²1thAE
1395 439 1631 493 PARTIS
1688 440 1893 521 caPUT
1951 434 2285 491 Lxxxvm

1756 544 1866 601 bus
1893 561 1906 611 ;
1931 544 2029 599 sed
2057 544 2205 614 quod
2236 544 2489 614 procedit
2542 560 2612 601 eoe
2668 561 2764 601 ore
2801 560 2952 606 eor-

1754 615 1842 671 dis
1874 614 2111 681 scilicet,
2135 621 2193 672 et
2222 616 2294 671 ab
2326 614 2588 672 interiori
2621 617 2820 675 radice
2851 637 2952 676 vo-

1754 685 2010 755 luntatis,
2077 689 2174 743 hoc
2256 690 2587 758 coinquinat
2639 691 2948 761 hominem,

1754 757 1968 814 scilicet
1997 760 2172 815 verba
2204 758 2372 814 malae
2402 759 2785 831 cogitationiS,
2808 778 2951 844 quae

1755 834 1886 885 sunt
1936 829 2169 886 malitiae
2198 828 2493 887 interior1s
2531 830 2949 904 significatwa,

1753 899 1890 971 quia
1917 916 1985 957 ex
2031 900 2157 958 cibo
2200 902 2512 958 secundum
2560 918 2623 960 se
2671 919 2788 959 non
2859 911 2954 963 est

1753 971 1940 1043 culpa,
1988 972 2088 1029 sed
2116 989 2184 1029 ex
2229 971 2320 1028 his
2350 988 2477 1044 qnae
2507 974 2842 1044 procedunt
2875 993 2949 1034 ex

1754 1058 1854 1099 ore
1897 1043 2085 1100 cordis
2139 1051 2195 1100 et
2243 1043 2498 1116 corporis
2524 1063 2539 1115 ;
2572 1048 2630 1100 et
2681 1043 2820 1103 ideo
2881 1065 2951 1104 os

1752 1112 1940 1186 ipsum
1997 1122 2084 1172 est
2126 1115 2431 1184 diiigenter
2476 1115 2948 1176 custodiendum.

1753 1187 1822 1241 Et
1850 1185 1984 1256 quia
2012 1203 2124 1243 non
2146 1186 2360 1243 sufficit
2385 1187 2648 1244 custodia
2661 1192 2952 1260 humana,

1752 1258 2001 1328 petenda
2020 1262 2105 1314 est
2132 1257 2389 1314 custodia
2410 1257 2637 1327 divina;
2671 1259 2821 1318 sicut
2843 1278 2952 1332 pe-

1754 1331 1910 1384 tebat
1966 1330 2273 1401 Propheta,
2312 1329 2506 1386 dicens
2554 1348 2568 1387 z
2631 1333 2797 1404 Pone,
2836 1337 2951 1388 Do-

1752 1401 1920 1468 mine,
1950 1402 2257 1456 custodiam
2286 1403 2373 1456 ori
2399 1417 2538 1470 mec,
2578 1405 2688 1457 etc.

1825 1476 1858 1538 4
1886 1474 1964 1528 Ds
1991 1489 2134 1528 caco
2156 1490 2404 1528 nucarum
2422 1490 2564 1529 caco
2591 1490 2950 1532 rensuum.

1752 1574 1823 1584 —-
1847 1545 2014 1604 Tunc.
2046 1543 2258 1599 scilicet
2286 1546 2517 1614 quando
2549 1544 2958 1601 audieruntil-

1751 1613 1937 1671 lorum
1978 1614 2319 1686 religionem
2350 1615 2638 1685 evacuari,
2678 1616 2954 1671 acceden-

1753 1694 1832 1741 tes
1858 1687 2144 1757 discipuli.
2176 1685 2540 1757 simplicitate
2584 1686 2746 1754 moti,
2774 1687 2955 1742 dime-

1751 1762 1884 1812 runt
1910 1760 1963 1812 ei
1988 1775 2002 1813 ι
2036 1759 2158 1813 Scis
2196 1761 2332 1827 quia
2364 1758 2660 1827 Pharisaei,
2692 1773 2955 1829 quorum

1752 1843 1961 1894 magna
1986 1834 2073 1884 est
2101 1827 2303 1910 religio
2336 1828 2398 1884 in
2421 1828 2588 1898 cibis,
2616 1831 2812 1885 audito
2844 1831 2956 1885 hoc

1751 1900 1934 1968 verbe,
1971 1899 2124 1980 quod
2158 1899 2375 1956 scilicet
2402 1908 2641 1957 evacuat
2671 1899 2952 1956 discreti·

1753 1986 1923 2027 onem
1951 1972 2233 2039 clborum,
2262 1975 2319 2028 et
2346 1971 2714 2028 traditionem
2745 1969 2952 2028 senio-

1751 2057 1904 2110 rum,
1939 2043 2315 2098 scandalizati
2352 2048 2502 2114 sunt,
2538 2042 2598 2098 id
2644 2047 2732 2100 est
2780 2042 2954 2098 indi·

1752 2113 1934 2185 gnati.
1962 2114 2047 2169 vel
2073 2113 2275 2170 offensi
2301 2120 2450 2170 sunt.
2482 2115 2636 2170 Istud
2666 2130 2784 2170 non
2812 2118 2957 2169 erat

1753 2184 2087 2240 scandalum
2135 2184 2407 2253 activum,
2440 2185 2595 2258 quia,
2643 2201 2832 2256 neque
2877 2200 2953 2240 ex

1752 2255 1922 2323 facto,
1956 2271 2139 2326 neque
2177 2272 2245 2311 ex
2292 2256 2442 2312 dicto
2490 2256 2677 2312 minus
2728 2261 2893 2312 recto
2932 2274 2951 2324 3

1752 2326 1850 2381 sed
1877 2325 2068 2396 potius
2089 2326 2396 2397 passivum,
2423 2327 2556 2397 quia
2585 2327 2783 2382 audito
2808 2343 2952 2382 ver-

1751 2397 1824 2454 bo
1846 2396 2118 2464 veritatiS,
2131 2396 2359 2468 pietatis
2374 2397 2757 2468 etaequitat1s‚
2774 2413 2956 2453 scau-

1751 2467 1978 2525 dalizati
2007 2473 2169 2525 sunt:
2196 2467 2331 2540 quia
2360 2468 2539 2526 oculis
2569 2467 2741 2540 aegris
2768 2468 2950 2525 odio-

1753 2555 1817 2596 sa
1841 2547 1929 2595 est
1950 2539 2062 2596 lux.
2087 2540 2247 2596 Unde
2270 2540 2530 2611 discipuli
2557 2556 2671 2609 non
2692 2539 2902 2596 dicunt
2931 2561 2952 2596 :

1751 2616 1813 2667 tu
1842 2626 1939 2667 eos
1969 2611 2386 2681 scandalizasti,
2416 2612 2536 2680 sed,
2560 2612 2960 2667 scandalizati

1752 2687 1902 2738 sunt.
1924 2684 1991 2737 Et
2020 2686 2252 2752 propter
2276 2682 2389 2738 tale
2419 2682 2749 2738 scandalum
2785 2681 2959 2738 alio-

1748 2768 1900 2821 rum,
1918 2757 2127 2808 veritas
2144 2752 2292 2808 vitae.
2305 2751 2562 2824 justitiae,
2581 2755 2636 2807 et
2652 2751 2959 2810 doctrinae

1753 2840 1870 2880 non
1888 2828 1973 2878 est
1994 2822 2356 2892 dimittenda3
2385 2821 2655 2894 quoniam
2672 2824 2960 2892 procedit

1754 2912 1821 2952 ex
1858 2893 2035 2967 ipsius
2079 2893 2444 2951 scandalizati
2495 2892 2734 2949 malitia.
2776 2895 2957 2952 Unde

1756 2967 2051 3035 Gregorius
2076 2990 2089 3023 ε
2114 2984 2143 3019 «
2167 2965 2316 3023 Side
2336 2968 2576 3022 veritate
2601 2963 2954 3022 scandalum

1735 3037 1957 3106 oritur,
1989 3037 2199 3095 rectius
2218 3036 2356 3093 oriri
2390 3034 2740 3109 permittitur
2764 3050 2954 3105 quam

1754 3110 1903 3179 quod
1936 3109 2146 3166 veritas
2176 3108 2550 3181 relinquatur.
2581 3127 2609 3160 »
2638 3107 2792 3187 Ideo,
2816 3109 2952 3177 ille,

1754 3179 1971 3236 scilicet
2003 3180 2277 3237 Dominus
2305 3180 2637 3249 respondens
2664 3193 2765 3246 ela,
2797 3181 2890 3233 ait
2928 3198 2950 3233 ε

1754 3251 1944 3307 Omnis
1959 3253 2253 3314 plantatio,
2271 3250 2647 3306 traditionum
2665 3251 2955 3304 humana-

1754 3336 1903 3390 rum,
1928 3320 1986 3376 id
2010 3328 2096 3377 est
2115 3321 2302 3378 omnis
2328 3321 2592 3378 doctrina
2612 3321 2682 3376 ab
2705 3318 2951 3377 homine

1731 3392 2007 3460 inventa,
2052 3408 2180 3464 quae
2228 3392 2362 3461 Legi
2393 3391 2492 3448 Dei
2525 3408 2641 3447 non
2680 3395 2764 3446 est
2796 3406 2949 3446 con-

1756 3479 1918 3529 sona,
1951 3479 2118 3531 quam
2146 3478 2253 3517 non
2279 3465 2566 3531 plantavit
2597 3466 2761 3517 Pater
2784 3478 2953 3517 meus

1757 3535 2006 3596 coelestis,
2038 3531 2154 3588 imo
2186 3530 2471 3589 consuluit
2498 3532 2770 3604 tepiditas
2799 3548 2954 3589 car-

1756 3603 1924 3668 naliS,
1944 3604 2341 3668 eradicabitur,
2365 3619 2494 3660 cum
2516 3605 2954 3675 plantatoribus

1757 3676 1899 3745 suis;
1953 3680 2009 3731 et
2047 3676 2155 3731 hoc
2205 3692 2240 3733 a
2273 3675 2643 3732 fundamento
2690 3675 2953 3747 Christo,

1728 3761 1861 3819 per
1895 3746 2393 3818 reprobationem3
2432 3762 2468 3803 a
2517 3744 2803 3808 fidelibus,
2839 3762 2958 3818 per

1760 3820 2181 3901 separationem
2202 3836 2216 3886 ;
2239 3834 2274 3874 a
2297 3822 2454 3874 terra
2476 3816 2810 3877 viventium.
2839 3833 2958 3889 per

1798 3889 2162 3956 rivationem,
2196 3888 2330 3960 quia
2367 3905 2482 3945 non
2506 3889 2681 3945 habet
2711 3887 2958 3945 firmum

1783 3961 2194 4018 undamentum
2214 3966 2271 4017 et
2286 3960 2557 4016 radicem.
2585 3961 2767 4017 Sinite
2786 3961 2958 4030 illos,

1758 4032 1818 4089 in
1875 4031 2251 4103 praecipitium
2303 4029 2691 4087 damnationis
2739 4029 2849 4099 ire,
2888 4040 2959 4089 et

1760 4103 2081 4160 doctrinam
2107 4102 2335 4159 illorum
2363 4105 2601 4168 evitatc3
2627 4104 2755 4157 caeci
2782 4108 2953 4172 sunt,

1759 4175 1819 4231 in
1853 4191 1915 4231 se
1953 4179 2210 4231 carentes
2255 4190 2390 4230 vero
2428 4173 2718 4230 intellectu
2753 4174 2826 4227 Le
2873 4172 2954 4244 is,

1761 4252 1812 4303 et
1846 4247 2010 4303 duces
2049 4261 2328 4314 caecorum,
2375 4245 2435 4301 in
2477 4243 2754 4315 regimine
2792 4258 2829 4298 a
2853 4244 2956 4299 io-

1763 4333 1912 4384 rum,
1943 4316 2077 4389 quia
2106 4316 2250 4373 alios
2277 4333 2377 4372 suo
2408 4321 2955 4386 erroreexcaecant,

1763 4392 1819 4444 et
1846 4404 1945 4445 eos
1968 4388 2042 4444 ad
2070 4386 2447 4458 praecipitium
2484 4388 2714 4444 ducunt.
2759 4386 2957 4443 Gaecus
