3146 5023
798 341 884 395 DE
938 337 1298 396 PATIENTIA
1350 337 1420 392 IN
1471 335 1813 394 Anvrnsls
1867 341 2203 400 nannum.
2674 350 2738 405 4⁵

273 453 483 515 sedisti
508 455 691 509 tantos
718 453 849 518 post
872 446 1126 504 auditam
1141 442 1444 501 veritatem

271 525 637 598 repellebant,
671 526 729 578 et
760 535 872 577 non
911 525 996 574 est
1023 513 1446 599 dubium-quod

270 597 493 673 gravius
516 598 811 666 peccatum
856 595 942 646 est
987 604 1195 662 negare
1232 593 1444 642 vlctum

269 666 675 727 seminantibus
721 661 1056 732 spiritualia,
1103 658 1310 740 quibus
1358 662 1446 737 te-

264 744 472 797 nentur
499 737 765 794 homines
793 732 863 789 de
887 733 1021 804 jure
1051 730 1327 800 naturali,
1358 727 1448 782 d1-

262 811 386 868 vino
424 815 483 866 et
517 809 792 873 humano,
825 818 998 874 quam
1052 815 1286 858 manum
1331 814 1448 855 non

260 879 555 955 porrigere
607 893 791 949 egeno
833 868 1100 956 simplici,
1131 870 1449 944 spiritualia

261 968 372 1010 non
399 950 757 1009 seminanti:
801 947 905 1004 Cui
948 948 1157 1001 etenim
1214 947 1450 1000 multum

263 1025 453 1080 datum
511 1026 617 1086 est,
672 1019 910 1075 multum
959 1021 1235 1087 quaeretur
1260 1018 1331 1071 ab
1365 1029 1444 1071 eo.

260 1094 412 1152 Unde
445 1094 534 1150 ait
570 1091 722 1148 Beda
754 1108 772 1145 ε
802 1109 831 1142 «
865 1087 1193 1157 sodomitae,
1223 1088 1328 1144 etsi
1359 1088 1446 1143 in-

259 1164 576 1237 hospitales
601 1162 835 1229 fuerint,
866 1159 1019 1229 inter
1041 1164 1231 1215 cetera
1258 1158 1449 1216 carnis

263 1237 590 1307 animaeque
617 1232 855 1303 flagitia,
886 1231 1031 1286 nulli
1055 1236 1250 1287 tamen
1296 1231 1447 1303 apud

262 1322 358 1364 eos
390 1307 543 1364 tales
580 1306 830 1375 hospites
862 1302 1057 1373 quales
1081 1302 1334 1373 Apostoli
1363 1318 1451 1359 re-

259 1378 406 1451 perti
445 1383 604 1434 sunt.
640 1378 708 1431 Et
754 1375 901 1432 Loth
934 1374 1183 1445 quidem,
1214 1380 1447 1445 aspectu

261 1456 320 1507 et
345 1450 553 1507 auditu
574 1449 760 1520 justus
788 1452 913 1501 erat
940 1463 957 1513 ;
991 1461 1106 1502 non
1135 1450 1330 1502 tamen
1368 1445 1450 1501 ibi

260 1521 338 1578 ali
382 1521 483 1576 uid
544 1518 795 1576 docuisse
850 1522 952 1573 aut
1020 1517 1183 1588 signa
1249 1517 1448 1573 fecisse

260 1535 620 1663 perlhibetur.
682 1610 710 1642 »
752 1589 911 1645 Unde
955 1592 1011 1644 et
1040 1590 1324 1657 Remiqius
1365 1607 1384 1643 .·
1421 1609 1445 1640 ι

261 1663 602 1734 Specialiter
626 1666 819 1716 tamen
853 1660 1229 1717 Sodomorum
1259 1668 1316 1715 et
1344 1659 1446 1714 Go-

257 1736 685 1791 morrhaeorum
715 1732 1062 1788 mentionem
1086 1732 1241 1801 facit,
1270 1736 1333 1785 ut
1348 1746 1450 1802 per

257 1805 362 1862 hoc
422 1807 810 1873 demonstret,
880 1803 1016 1872 quia
1063 1803 1160 1859 illa
1217 1810 1449 1875 peccata

257 1882 385 1933 sunt
418 1878 550 1933 Deo
602 1876 780 1946 magis
827 1872 1083 1943 odibilia,
1124 1890 1253 1946 quae
1304 1875 1450 1933 fiunt

258 1953 458 2004 contra
522 1952 812 2015 naturam,
857 1963 959 2015 pro
994 1946 1200 2017 quibus
1231 1948 1450 2006 deletus

258 2026 342 2075 est
367 2018 629 2075 mundus
667 2018 832 2087 aquis
873 2017 1066 2074 diluvii
1099 2027 1156 2076 et
1203 2027 1449 2093 quatuor

260 2090 529 2146 civitates
575 2089 904 2158 submersae,
936 2094 992 2144 et
1041 2094 1281 2148 mundus
1309 2109 1450 2164 quo-

256 2162 393 2218 tidie
431 2160 685 2217 diversis
715 2161 875 2216 malis
892 2160 1183 2234 affligitur.
1209 2182 1239 2218 »
1272 2166 1452 2235 Unde,

257 2233 581 2290 secundum
607 2234 1015 2301 Hieronymum,
1049 2234 1244 2291 videns
1269 2237 1456 2292 Domi-

257 2319 362 2360 nus
409 2305 536 2360 hoc
586 2310 884 2373 peccatum
943 2305 1003 2359 in
1062 2321 1255 2376 carne,
1309 2323 1452 2377 pene

259 2376 424 2433 desiit
457 2375 781 2443 incarnari,
818 2375 956 2445 quia
980 2381 1243 2433 naturam
1277 2395 1450 2451 quam

260 2452 665 2517 assumpturus
694 2453 835 2515 erat,
866 2456 1260 2518 corruperant.
1295 2455 1457 2507 Sum-

257 2532 349 2575 ma
406 2518 575 2574 enim
634 2519 915 2574 munditia
946 2519 1119 2576 talem
1173 2537 1453 2581 summam

259 2587 692 2645 immunditiam
724 2589 966 2645 maxime
1000 2591 1361 2651 abominatur
1398 2604 1456 2654 et

257 2662 552 2718 sustinere
588 2675 708 2716 non
737 2664 939 2731 potest.
983 2661 1141 2718 Unde
1169 2666 1343 2722 etiam
1376 2668 1469 2736 di·¹
1496 2695 1501 2698 ·

1559 445 1637 500 cit
1667 445 2020 517 Auqustinus
2049 469 2068 506 ε
2119 469 2148 505 «
2177 451 2283 518 Qui
2310 458 2501 511 autem
2523 454 2734 514 facien-

1559 517 1633 572 do
1664 520 1814 589 quod
1845 524 2056 577 malum
2087 527 2193 587 cst,
2224 524 2399 580 etiam
2437 526 2587 583 mala
2609 543 2740 585 con-

1559 590 1862 648 suetudine
1899 607 1962 647 se
2012 592 2325 665 implicant,
2362 599 2423 652 ut
2452 598 2575 668 ipsa
2599 614 2741 656 con·

1560 662 1800 717 suetudo
1857 663 1988 718 mali
2049 681 2161 721 non
2212 682 2310 721 eos
2355 668 2506 723 sinat
2550 668 2741 729 videre

1560 732 1697 802 quia
1743 733 1958 790 malum
2013 743 2120 806 est,
2193 736 2338 794 fiunt
2414 739 2742 799 defensores

1561 804 1845 861 malornm
1875 804 2154 863 factorum
2177 824 2411 866 suorum
2436 827 2451 877 ;
2481 810 2739 869 irascun-

1561 882 1656 933 tur
1703 891 1831 932 cum
1873 879 2386 951 reprehenduntur,
2426 881 2488 938 in
2515 889 2740 941 tantum

1562 955 1625 1005 ut
1655 947 1961 1006 Sodomitae
1991 953 2276 1020 quondam
2310 955 2565 1011 dicerent
2593 955 2735 1012 Loth

1560 1019 2001 1091 reprehendenti
2040 1021 2446 1093 nequissimam
2472 1027 2736 1086 volunta·

1560 1098 1679 1147 tem
1736 1108 1749 1148 :
1813 1093 2077 1149 Habitare
2132 1095 2353 1164 venisti,
2417 1112 2531 1153 non
2588 1099 2742 1173 leges

1562 1165 1719 1219 dare.
1753 1164 1932 1222 Tanta
1963 1166 2114 1221 enim
2144 1166 2220 1220 ibi
2256 1166 2516 1224 nefandae
2548 1173 2735 1242 turpi-

1562 1235 1773 1292 tudinis
1828 1238 2176 1292 consuetudo
2222 1245 2364 1307 erat‚
2398 1245 2457 1294 ut
2481 1242 2601 1311 jam
2631 1258 2737 1300 ne-

1560 1305 1741 1378 quitia
1801 1315 1950 1363 esset
2002 1307 2242 1380 justitia,
2301 1316 2358 1365 et
2418 1312 2739 1381 prohibitor

1562 1378 1748 1447 potius
1763 1379 2472 1450 reprehenderetur‚quam
2489 1381 2670 1440 factor
2683 1402 2735 1441 ε»

1562 1449 1687 1504 haec
1720 1449 2108 1519 Auqustimus.
2145 1451 2322 1515 Quam
2353 1453 2602 1525 graviter
2627 1469 2735 1512 au·

1560 1525 1679 1575 tem
1731 1521 1841 1576 hoc
1912 1526 2203 1591 peccatum
2264 1523 2408 1580 Deus
2468 1528 2737 1598 punierit,

1562 1593 1803 1648 testatur
1831 1607 1992 1647 mar-e
2023 1598 2323 1657 mortuum,
2354 1599 2469 1651 sive
2492 1596 2739 1655 diaboli:

1561 1666 1621 1717 et
1656 1678 1789 1720 vere
1821 1671 2129 1733 mortuum,
2165 1665 2300 1733 quia
2331 1665 2405 1721 nil
2436 1668 2623 1726 vivum
2653 1684 2741 1727 re-

1562 1736 1728 1806 cipit;
1770 1741 1826 1792 et
1872 1736 2104 1800 diaboli,
2141 1738 2273 1807 quia
2301 1737 2571 1797 instinctu
2616 1741 2738 1812 ejus

1560 1814 1806 1882 quatuor
1884 1809 2138 1865 civitates
2217 1810 2347 1881 igne
2434 1812 2739 1883 sulphureo

1561 1885 1939 1937 concrematae
1970 1881 2026 1937 in
2058 1881 2195 1938 illud
2236 1883 2542 1940 submersae
2580 1888 2731 1941 sunt.

1563 1955 1720 2010 Unde
1751 1953 2310 2010 mare-maledictum
2338 1955 2508 2011 etiam
2543 1957 2739 2028 appel-

1563 2025 1730 2093 latur,
1762 2041 1987 2094 semper
2014 2026 2256 2094 fumanS,
2287 2032 2343 2081 et
2379 2027 2741 2084 tenebrosum

1563 2096 1633 2152 de
1666 2097 1987 2164 vaporibus,
2035 2097 2191 2166 quasi
2236 2098 2309 2151 sit
2343 2096 2547 2152 inferni
2577 2098 2746 2153 cami-

1563 2182 1686 2222 nus,
1727 2170 1823 2224 Est
1855 2168 2001 2222 ultra
2026 2168 2250 2222 Jericho
2298 2183 2407 2222 non
2434 2167 2599 2237 longe
2637 2184 2742 2238 po-

1562 2240 1755 2308 situm,
1777 2239 2089 2308 dividitque
2120 2240 2150 2293 J
2156 2239 2373 2294 udaeam
2389 2239 2743 2309 etArabiam,

1563 2315 1622 2367 et
1647 2312 1820 2367 habet
1855 2309 1916 2366 in
1946 2311 2244 2367 latitudine
2272 2316 2488 2380 septem
2525 2310 2735 2370 leucas.

1517 2386 1632 2448 ,Et
1676 2383 1811 2439 licet
1877 2384 2127 2455 quinque
2213 2382 2467 2438 civitates
2522 2382 2736 2440 fuerint

1565 2456 1868 2511 destructae
1906 2462 2133 2525 propter
2162 2454 2270 2509 hoc
2303 2460 2617 2525 peccatum,
2651 2461 2736 2511 ta-

1566 2543 1696 2583 men
1756 2528 1885 2583 duae
1922 2527 2284 2582 nominantur
2313 2532 2557 2597 tantum,
2606 2527 2739 2598 quia

1569 2600 1810 2668 majores
1826 2604 1883 2654 et
1906 2598 2237 2656 famosiores
2267 2604 2431 2653 erant
2449 2600 2508 2653 in
2543 2598 2737 2653 multi-

1565 2673 1764 2729 tudine
1792 2670 1984 2743 populi
2012 2676 2074 2726 et
2103 2670 2452 2742 turpitudine
2475 2669 2712 2740 peccati.

1373 2824 1634 2889 ORATIO

304 2943 586 3027 ,Domine
617 2944 745 2999 Jesu
781 2944 1021 3017 Christe,
1050 2949 1150 3019 qui
1188 2950 1492 3023 discipulos
1524 2960 1653 3009 tuos
1690 2952 1763 3009 ad
1801 2950 2225 3023 praedicandum
2264 2953 2515 3022 mittem,
2540 2951 2746 3009 dedisti

269 3031 349 3071 eis
384 3020 734 3096 potestatem
776 3017 1034 3089 curandi,
1079 3036 1145 3076 ac
1185 3031 1471 3095 praecepta
1509 3025 1737 3081 vivendi
1788 3030 1844 3078 et
1884 3023 2294 3089 conversandi,
2341 3022 2524 3094 dirige
2577 3024 2746 3093 pedes

268 3101 430 3168 meos
461 3101 525 3140 1n
564 3101 714 3167 viam
747 3088 923 3170 paciS,
950 3095 1007 3144 et
1035 3089 1107 3147 da
1144 3094 1283 3149 mihi
1311 3096 1551 3151 salutem
1582 3094 1787 3151 mentis
1816 3100 1872 3149 et
1906 3092 2193 3161 corporis;
2234 3098 2290 3147 et
2323 3100 2382 3149 ut
2409 3093 2651 3151 habeam
2685 3095 2745 3151 in

267 3157 547 3228 operibus
581 3164 966 3241 justitiam‚.1n
1012 3162 1263 3220 moribus
1307 3167 1687 3236 disciplinam,
1718 3172 1775 3222 et
1805 3167 1861 3220 in
1900 3163 2163 3221 omnibus
2195 3170 2355 3221 tuum
2390 3167 2655 3222 timorem
2688 3172 2744 3224 et

267 3243 557 3298 amorem,
587 3228 867 3287 mortifica
896 3247 1084 3314 mom-e
1122 3236 1316 3291 omnia
1352 3238 1510 3306 vitia,
1546 3253 1748 3309 meque
1782 3236 1892 3293 tuis
1937 3236 2101 3292 donis
2139 3237 2373 3294 interius
2411 3243 2466 3295 et
2504 3235 2747 3295 exterius

268 3305 560 3382 restaura,
584 3306 645 3382 ut
674 3316 740 3356 ea
770 3317 896 3372 quae
920 3303 1206 3375 d1sc1pulis
1230 3309 1341 3363 tuis
1360 3311 1703 3380 praecepisti,
1725 3325 1825 3379 pro
1847 3308 2078 3365 modulo
2110 3324 2234 3365 meo
2264 3326 2484 3368 merear
2507 3310 2744 3380 imitari,

268 3375 326 3426 et
351 3385 493 3428 cum
523 3386 659 3443 ipsis
691 3378 906 3430 aeterna
937 3374 1142 3447 gloria,
1170 3377 1239 3434 de
1267 3384 1366 3436 tua
1397 3381 1808 3450 misericordia,
1835 3380 2145 3439 munerari.
2177 3382 2382 3439 Amen.

1299 3644 1573 3721 CAPUT
1622 3651 1736 3723 LII

838 3885 851 3896 ·
923 3832 1001 3879 DE
1039 3835 1365 3883 PATIENTIA
1387 3839 1450 3884 m
1482 3840 1769 3887 ADVERSIS
1799 3843 2103 3889 HABENDA.

1282 3998 1533 4055 Matthaei
1558 4012 1685 4069 cap.
1708 3999 1777 4055 X.

360 4188 383 4225 1
412 4169 720 4226 Pium-12.
744 4186 1107 4228 rnffimcuom
1122 4161 1469 4246 NscnssAmssi,
1516 4177 1528 4249 Ι
1577 4205 1648 4219 -
1676 4176 1745 4232 Et
1772 4176 1907 4248 quia
1932 4190 2160 4237 omnem
2188 4179 2623 4241 sollicitudinem
2655 4184 2742 4244 di-

283 4255 381 4304 Qm
420 4256 597 4298 VELUT
636 4257 761 4298 OVIS
798 4260 973 4301 INTER·
993 4259 1163 4301 Lupos
1196 4263 1469 4306 m'rTITUR.

1517 4250 1528 4321 Ι
1579 4248 1927 4320 scipulorum
1966 4251 2194 4326 abJecit,
2236 4258 2291 4309 et
2327 4269 2423 4313 eos
2460 4255 2751 4330 signorum
