<?xml version="1.0" encoding="UTF-8"?>
<!DOCTYPE html PUBLIC "-//W3C//DTD XHTML 1.0 Transitional//EN"
    "http://www.w3.org/TR/xhtml1/DTD/xhtml1-transitional.dtd">
<html xmlns="http://www.w3.org/1999/xhtml" xml:lang="en" lang="en">
 <head>
  <title>
</title>
<meta http-equiv="Content-Type" content="text/html;charset=utf-8" />
  <meta name='ocr-system' content='tesseract 3.04.00' />
  <meta name='ocr-capabilities' content='ocr_page ocr_carea ocr_par ocr_line ocrx_word'/>
</head>
<body>
  <div class='ocr_page' id='page_1' title='image "./vitajesuchristi02rigogoog_0271.png"; bbox 0 0 3146 5023; ppageno 0'>
   <div class='ocr_carea' id='block_1_1' title="bbox 644 430 2771 488">
    <p class='ocr_par' dir='ltr' id='par_1_1' title="bbox 644 430 2771 488">
     <span class='ocr_line' id='line_1_1' title="bbox 644 430 2771 488; baseline 0 -1"><span class='ocrx_word' id='word_1_1' title='bbox 644 436 724 487; x_wconf 86' lang='lat' dir='ltr'>DE</span> <span class='ocrx_word' id='word_1_2' title='bbox 778 433 1042 488; x_wconf 75' lang='lat' dir='ltr'>ARBORE</span> <span class='ocrx_word' id='word_1_3' title='bbox 1097 430 1566 487; x_wconf 75' lang='lat' dir='ltr'>LNFRUCTUOSA</span> <span class='ocrx_word' id='word_1_4' title='bbox 1619 433 1699 485; x_wconf 87' lang='lat' dir='ltr'>ET</span> <span class='ocrx_word' id='word_1_5' title='bbox 1752 433 2051 487; x_wconf 75' lang='lat' dir='ltr'>MULIERE</span> <span class='ocrx_word' id='word_1_6' title='bbox 2106 432 2435 488; x_wconf 69' lang='lat' dir='ltr'>GURVMTA.</span> <span class='ocrx_word' id='word_1_7' title='bbox 2675 437 2771 488; x_wconf 75' lang='lat'>‘257</span> 
     </span>
    </p>
   </div>
   <div class='ocr_carea' id='block_1_2' title="bbox 313 535 1496 963">
    <p class='ocr_par' dir='ltr' id='par_1_2' title="bbox 313 535 1496 963">
     <span class='ocr_line' id='line_1_2' title="bbox 319 535 1490 612; baseline -0.005 -13"><span class='ocrx_word' id='word_1_8' title='bbox 319 547 509 610; x_wconf 77' lang='lat' dir='ltr'>ercet3</span> <span class='ocrx_word' id='word_1_9' title='bbox 542 537 638 612; x_wconf 81' lang='lat' dir='ltr'>qui</span> <span class='ocrx_word' id='word_1_10' title='bbox 679 538 936 606; x_wconf 68' lang='lat' dir='ltr'>exemplo</span> <span class='ocrx_word' id='word_1_11' title='bbox 983 535 1276 606; x_wconf 88' lang='lat' dir='ltr'>pravitatis</span> <span class='ocrx_word' id='word_1_12' title='bbox 1311 536 1490 608; x_wconf 90' lang='lat' dir='ltr'>impe-</span> 
     </span>
     <span class='ocr_line' id='line_1_3' title="bbox 317 607 1495 682; baseline -0.005 -13"><span class='ocrx_word' id='word_1_13' title='bbox 317 615 632 669; x_wconf 87' lang='lat' dir='ltr'>dimentum</span> <span class='ocrx_word' id='word_1_14' title='bbox 662 610 896 682; x_wconf 83' lang='lat' dir='ltr'>praestat</span> <span class='ocrx_word' id='word_1_15' title='bbox 947 607 1171 664; x_wconf 78' lang='lat' dir='ltr'>ceteris,</span> <span class='ocrx_word' id='word_1_16' title='bbox 1203 628 1232 657; x_wconf 65' lang='lat'>&gt;1</span> <span class='ocrx_word' id='word_1_17' title='bbox 1269 607 1400 677; x_wconf 92' lang='lat' dir='ltr'>Sed,</span> <span class='ocrx_word' id='word_1_18' title='bbox 1433 612 1495 663; x_wconf 93' lang='lat' dir='ltr'>ut</span> 
     </span>
     <span class='ocr_line' id='line_1_4' title="bbox 316 677 1493 749; baseline -0.007 -8"><span class='ocrx_word' id='word_1_19' title='bbox 316 684 397 741; x_wconf 87' lang='lat' dir='ltr'>ait</span> <span class='ocrx_word' id='word_1_20' title='bbox 426 687 828 749; x_wconf 76' lang='lat' dir='ltr'><strong><em>Hieronymus:</em></strong></span> <span class='ocrx_word' id='word_1_21' title='bbox 858 702 887 732; x_wconf 90' lang='lat'>«</span> <span class='ocrx_word' id='word_1_22' title='bbox 920 680 1024 746; x_wconf 86' lang='lat' dir='ltr'>Qui</span> <span class='ocrx_word' id='word_1_23' title='bbox 1062 677 1268 734; x_wconf 84' lang='lat' dir='ltr'>viderit</span> <span class='ocrx_word' id='word_1_24' title='bbox 1306 694 1365 733; x_wconf 89' lang='lat' dir='ltr'>se</span> <span class='ocrx_word' id='word_1_25' title='bbox 1405 677 1493 734; x_wconf 89' lang='lat' dir='ltr'>in·-</span> 
     </span>
     <span class='ocr_line' id='line_1_5' title="bbox 313 750 1494 821; baseline -0.004 -10"><span class='ocrx_word' id='word_1_26' title='bbox 313 754 689 811; x_wconf 82' lang='lat' dir='ltr'>sussscientem</span> <span class='ocrx_word' id='word_1_27' title='bbox 707 767 851 816; x_wconf 78' lang='lat' dir='ltr'>esse,</span> <span class='ocrx_word' id='word_1_28' title='bbox 878 751 966 807; x_wconf 91' lang='lat' dir='ltr'>vel</span> <span class='ocrx_word' id='word_1_29' title='bbox 992 766 1107 806; x_wconf 90' lang='lat' dir='ltr'>non</span> <span class='ocrx_word' id='word_1_30' title='bbox 1135 750 1411 821; x_wconf 84' lang='lat' dir='ltr'>proficere</span> <span class='ocrx_word' id='word_1_31' title='bbox 1437 751 1494 806; x_wconf 92' lang='lat' dir='ltr'>in</span> 
     </span>
     <span class='ocr_line' id='line_1_6' title="bbox 315 820 1496 896; baseline -0.006 -13"><span class='ocrx_word' id='word_1_32' title='bbox 315 826 461 895; x_wconf 81' lang='lat' dir='ltr'>loce,</span> <span class='ocrx_word' id='word_1_33' title='bbox 493 825 552 880; x_wconf 92' lang='lat' dir='ltr'>in</span> <span class='ocrx_word' id='word_1_34' title='bbox 583 840 695 896; x_wconf 90' lang='lat' dir='ltr'>quo</span> <span class='ocrx_word' id='word_1_35' title='bbox 729 821 1048 878; x_wconf 88' lang='lat' dir='ltr'>ministrare</span> <span class='ocrx_word' id='word_1_36' title='bbox 1087 825 1143 876; x_wconf 89' lang='lat' dir='ltr'>et</span> <span class='ocrx_word' id='word_1_37' title='bbox 1173 820 1301 877; x_wconf 72' lang='lat' dir='ltr'>allis</span> <span class='ocrx_word' id='word_1_38' title='bbox 1332 822 1496 891; x_wconf 89' lang='lat' dir='ltr'>prod·</span> 
     </span>
     <span class='ocr_line' id='line_1_7' title="bbox 315 893 1495 963; baseline -0.006 -9"><span class='ocrx_word' id='word_1_39' title='bbox 315 913 442 954; x_wconf 91' lang='lat' dir='ltr'>esse</span> <span class='ocrx_word' id='word_1_40' title='bbox 490 896 677 963; x_wconf 88' lang='lat' dir='ltr'>debet,</span> <span class='ocrx_word' id='word_1_41' title='bbox 722 898 946 951; x_wconf 83' lang='lat' dir='ltr'>tenetur</span> <span class='ocrx_word' id='word_1_42' title='bbox 1002 893 1228 962; x_wconf 78' lang='lat' dir='ltr'>cedere,</span> <span class='ocrx_word' id='word_1_43' title='bbox 1256 907 1328 947; x_wconf 88' lang='lat' dir='ltr'>ne</span> <span class='ocrx_word' id='word_1_44' title='bbox 1375 907 1495 948; x_wconf 90' lang='lat' dir='ltr'>me-</span> 
     </span>
    </p>
   </div>
   <div class='ocr_carea' id='block_1_3' title="bbox 315 963 1541 1036">
    <p class='ocr_par' dir='ltr' id='par_1_3' title="bbox 315 963 1541 1036">
     <span class='ocr_line' id='line_1_8' title="bbox 315 963 1541 1036; baseline -0.004 -12"><span class='ocrx_word' id='word_1_45' title='bbox 315 968 478 1024; x_wconf 90' lang='lat' dir='ltr'>lioris</span> <span class='ocrx_word' id='word_1_46' title='bbox 506 966 696 1022; x_wconf 92' lang='lat' dir='ltr'>locum</span> <span class='ocrx_word' id='word_1_47' title='bbox 724 968 980 1036; x_wconf 87' lang='lat' dir='ltr'>occupet.</span> <span class='ocrx_word' id='word_1_48' title='bbox 1021 982 1049 1016; x_wconf 87' lang='lat'>»</span> <span class='ocrx_word' id='word_1_49' title='bbox 1078 965 1182 1020; x_wconf 88' lang='lat' dir='ltr'>Ubi</span> <span class='ocrx_word' id='word_1_50' title='bbox 1216 969 1273 1019; x_wconf 87' lang='lat' dir='ltr'>et</span> <span class='ocrx_word' id='word_1_51' title='bbox 1297 963 1493 1032; x_wconf 76' lang='lat' dir='ltr'>Anqu-</span> <span class='ocrx_word' id='word_1_52' title='bbox 1534 996 1541 1001; x_wconf 89' lang='lat'><em>-</em></span> 
     </span>
    </p>
   </div>
   <div class='ocr_carea' id='block_1_4' title="bbox 311 1034 1498 4445">
    <p class='ocr_par' dir='ltr' id='par_1_4' title="bbox 311 1034 1498 3648">
     <span class='ocr_line' id='line_1_9' title="bbox 311 1034 1495 1106; baseline -0.003 -12"><span class='ocrx_word' id='word_1_53' title='bbox 311 1042 537 1094; x_wconf 82' lang='lat' dir='ltr'>stinus:</span> <span class='ocrx_word' id='word_1_54' title='bbox 573 1058 602 1089; x_wconf 89' lang='lat'>«</span> <span class='ocrx_word' id='word_1_55' title='bbox 630 1035 780 1093; x_wconf 79' lang='lat' dir='ltr'>Nihil</span> <span class='ocrx_word' id='word_1_56' title='bbox 811 1034 1069 1106; x_wconf 85' lang='lat' dir='ltr'>estquod</span> <span class='ocrx_word' id='word_1_57' title='bbox 1126 1036 1207 1090; x_wconf 90' lang='lat' dir='ltr'>sic</span> <span class='ocrx_word' id='word_1_58' title='bbox 1255 1036 1495 1105; x_wconf 82' lang='lat' dir='ltr'>quisque</span> 
     </span>
     <span class='ocr_line' id='line_1_10' title="bbox 311 1105 1493 1181; baseline -0.005 -15"><span class='ocrx_word' id='word_1_59' title='bbox 311 1108 564 1181; x_wconf 86' lang='lat' dir='ltr'>cogitare</span> <span class='ocrx_word' id='word_1_60' title='bbox 585 1108 810 1174; x_wconf 90' lang='lat' dir='ltr'>debeat,</span> <span class='ocrx_word' id='word_1_61' title='bbox 824 1105 933 1161; x_wconf 92' lang='lat' dir='ltr'>nisi</span> <span class='ocrx_word' id='word_1_62' title='bbox 961 1110 1021 1161; x_wconf 93' lang='lat' dir='ltr'>ut</span> <span class='ocrx_word' id='word_1_63' title='bbox 1049 1105 1108 1160; x_wconf 92' lang='lat' dir='ltr'>in</span> <span class='ocrx_word' id='word_1_64' title='bbox 1126 1106 1493 1173; x_wconf 88' lang='lat' dir='ltr'>semetipsum</span> 
     </span>
     <span class='ocr_line' id='line_1_11' title="bbox 314 1175 1490 1245; baseline -0.005 -8"><span class='ocrx_word' id='word_1_65' title='bbox 314 1181 511 1237; x_wconf 84' lang='lat' dir='ltr'>oculos</span> <span class='ocrx_word' id='word_1_66' title='bbox 542 1182 860 1245; x_wconf 89' lang='lat' dir='ltr'>convertat,</span> <span class='ocrx_word' id='word_1_67' title='bbox 888 1193 950 1233; x_wconf 89' lang='lat' dir='ltr'>se</span> <span class='ocrx_word' id='word_1_68' title='bbox 978 1177 1181 1244; x_wconf 85' lang='lat' dir='ltr'>discat,</span> <span class='ocrx_word' id='word_1_69' title='bbox 1217 1192 1275 1231; x_wconf 87' lang='lat' dir='ltr'>se</span> <span class='ocrx_word' id='word_1_70' title='bbox 1305 1175 1490 1233; x_wconf 90' lang='lat' dir='ltr'>discu-</span> 
     </span>
     <span class='ocr_line' id='line_1_12' title="bbox 314 1247 1492 1320; baseline -0.004 -14"><span class='ocrx_word' id='word_1_71' title='bbox 314 1250 440 1317; x_wconf 89' lang='lat' dir='ltr'>tiat,</span> <span class='ocrx_word' id='word_1_72' title='bbox 474 1266 533 1305; x_wconf 88' lang='lat' dir='ltr'>se</span> <span class='ocrx_word' id='word_1_73' title='bbox 564 1252 805 1320; x_wconf 84' lang='lat' dir='ltr'>quaerat,</span> <span class='ocrx_word' id='word_1_74' title='bbox 841 1253 899 1303; x_wconf 86' lang='lat' dir='ltr'>et</span> <span class='ocrx_word' id='word_1_75' title='bbox 935 1264 995 1304; x_wconf 88' lang='lat' dir='ltr'>se</span> <span class='ocrx_word' id='word_1_76' title='bbox 1028 1247 1300 1303; x_wconf 87' lang='lat' dir='ltr'>inveniat.</span> <span class='ocrx_word' id='word_1_77' title='bbox 1337 1249 1492 1303; x_wconf 93' lang='lat' dir='ltr'>Tunc</span> 
     </span>
     <span class='ocr_line' id='line_1_13' title="bbox 318 1318 1490 1392; baseline -0.004 -15"><span class='ocrx_word' id='word_1_78' title='bbox 318 1322 468 1392; x_wconf 82' lang='lat' dir='ltr'>quod</span> <span class='ocrx_word' id='word_1_79' title='bbox 500 1319 778 1389; x_wconf 88' lang='lat' dir='ltr'>displicet,</span> <span class='ocrx_word' id='word_1_80' title='bbox 801 1324 995 1386; x_wconf 84' lang='lat' dir='ltr'>necet3</span> <span class='ocrx_word' id='word_1_81' title='bbox 1026 1319 1176 1390; x_wconf 88' lang='lat' dir='ltr'>quod</span> <span class='ocrx_word' id='word_1_82' title='bbox 1201 1334 1336 1373; x_wconf 88' lang='lat' dir='ltr'>vero</span> <span class='ocrx_word' id='word_1_83' title='bbox 1368 1318 1490 1387; x_wconf 92' lang='lat' dir='ltr'>pla-</span> 
     </span>
     <span class='ocr_line' id='line_1_14' title="bbox 316 1389 1491 1464; baseline -0.003 -16"><span class='ocrx_word' id='word_1_84' title='bbox 316 1396 426 1460; x_wconf 91' lang='lat' dir='ltr'>cet,</span> <span class='ocrx_word' id='word_1_85' title='bbox 450 1394 605 1464; x_wconf 90' lang='lat' dir='ltr'>aptet</span> <span class='ocrx_word' id='word_1_86' title='bbox 625 1395 679 1446; x_wconf 90' lang='lat' dir='ltr'>et</span> <span class='ocrx_word' id='word_1_87' title='bbox 701 1392 936 1460; x_wconf 80' lang='lat' dir='ltr'>plantet.</span> <span class='ocrx_word' id='word_1_88' title='bbox 963 1391 1099 1446; x_wconf 86' lang='lat' dir='ltr'>Cum</span> <span class='ocrx_word' id='word_1_89' title='bbox 1126 1389 1278 1444; x_wconf 91' lang='lat' dir='ltr'>enim</span> <span class='ocrx_word' id='word_1_90' title='bbox 1300 1404 1361 1444; x_wconf 90' lang='lat' dir='ltr'>se</span> <span class='ocrx_word' id='word_1_91' title='bbox 1386 1389 1491 1444; x_wconf 89' lang='lat' dir='ltr'>ho-</span> 
     </span>
     <span class='ocr_line' id='line_1_15' title="bbox 315 1459 1493 1520; baseline -0.004 -1"><span class='ocrx_word' id='word_1_92' title='bbox 315 1479 410 1520; x_wconf 91' lang='lat' dir='ltr'>mo</span> <span class='ocrx_word' id='word_1_93' title='bbox 436 1463 667 1517; x_wconf 87' lang='lat' dir='ltr'>inanem</span> <span class='ocrx_word' id='word_1_94' title='bbox 688 1460 969 1517; x_wconf 88' lang='lat' dir='ltr'>invenerit</span> <span class='ocrx_word' id='word_1_95' title='bbox 996 1459 1295 1515; x_wconf 86' lang='lat' dir='ltr'>meliorum</span> <span class='ocrx_word' id='word_1_96' title='bbox 1322 1462 1493 1515; x_wconf 92' lang='lat' dir='ltr'>bono·</span> 
     </span>
     <span class='ocr_line' id='line_1_16' title="bbox 313 1531 1493 1602; baseline -0.005 -12"><span class='ocrx_word' id='word_1_97' title='bbox 313 1549 461 1596; x_wconf 86' lang='lat' dir='ltr'>rum.</span> <span class='ocrx_word' id='word_1_98' title='bbox 484 1531 699 1602; x_wconf 87' lang='lat' dir='ltr'>utquid</span> <span class='ocrx_word' id='word_1_99' title='bbox 718 1537 805 1589; x_wconf 88' lang='lat' dir='ltr'>est</span> <span class='ocrx_word' id='word_1_100' title='bbox 820 1532 1018 1588; x_wconf 90' lang='lat' dir='ltr'>avidus</span> <span class='ocrx_word' id='word_1_101' title='bbox 1035 1531 1380 1587; x_wconf 71' lang='lat' dir='ltr'>exteriorum</span> <span class='ocrx_word' id='word_1_102' title='bbox 1399 1531 1493 1585; x_wconf 93' lang='lat' dir='ltr'>bo-</span> 
     </span>
     <span class='ocr_line' id='line_1_17' title="bbox 316 1600 1493 1674; baseline -0.003 -13"><span class='ocrx_word' id='word_1_103' title='bbox 316 1600 521 1661; x_wconf 85' lang='lat' dir='ltr'>norum</span> <span class='ocrx_word' id='word_1_104' title='bbox 534 1604 562 1658; x_wconf 77' lang='lat'>‘2</span> <span class='ocrx_word' id='word_1_105' title='bbox 582 1605 722 1658; x_wconf 88' lang='lat' dir='ltr'>Eece</span> <span class='ocrx_word' id='word_1_106' title='bbox 741 1603 875 1673; x_wconf 89' lang='lat' dir='ltr'>quid</span> <span class='ocrx_word' id='word_1_107' title='bbox 893 1601 1131 1674; x_wconf 86' lang='lat' dir='ltr'>prodest</span> <span class='ocrx_word' id='word_1_108' title='bbox 1144 1602 1311 1673; x_wconf 90' lang='lat' dir='ltr'>plena</span> <span class='ocrx_word' id='word_1_109' title='bbox 1327 1600 1493 1657; x_wconf 90' lang='lat' dir='ltr'>bonis</span> 
     </span>
     <span class='ocr_line' id='line_1_18' title="bbox 315 1671 1492 1742; baseline -0.003 -11"><span class='ocrx_word' id='word_1_110' title='bbox 315 1692 469 1742; x_wconf 86' lang='lat' dir='ltr'>arca,</span> <span class='ocrx_word' id='word_1_111' title='bbox 499 1674 545 1729; x_wconf 93' lang='lat' dir='ltr'>si</span> <span class='ocrx_word' id='word_1_112' title='bbox 580 1672 765 1729; x_wconf 84' lang='lat' dir='ltr'>inanis</span> <span class='ocrx_word' id='word_1_113' title='bbox 799 1678 887 1729; x_wconf 86' lang='lat' dir='ltr'>est</span> <span class='ocrx_word' id='word_1_114' title='bbox 924 1671 1312 1729; x_wconf 77' lang='lat' dir='ltr'>conscientia?</span> <span class='ocrx_word' id='word_1_115' title='bbox 1337 1674 1492 1728; x_wconf 91' lang='lat' dir='ltr'>Bona</span> 
     </span>
     <span class='ocr_line' id='line_1_19' title="bbox 314 1741 1488 1814; baseline -0.003 -13"><span class='ocrx_word' id='word_1_116' title='bbox 314 1748 397 1801; x_wconf 92' lang='lat' dir='ltr'>vis</span> <span class='ocrx_word' id='word_1_117' title='bbox 428 1747 665 1814; x_wconf 89' lang='lat' dir='ltr'>habere,</span> <span class='ocrx_word' id='word_1_118' title='bbox 697 1752 754 1799; x_wconf 84' lang='lat' dir='ltr'>et</span> <span class='ocrx_word' id='word_1_119' title='bbox 793 1745 977 1799; x_wconf 90' lang='lat' dir='ltr'>bonus</span> <span class='ocrx_word' id='word_1_120' title='bbox 1026 1760 1143 1800; x_wconf 91' lang='lat' dir='ltr'>non</span> <span class='ocrx_word' id='word_1_121' title='bbox 1191 1741 1275 1797; x_wconf 91' lang='lat' dir='ltr'>vis</span> <span class='ocrx_word' id='word_1_122' title='bbox 1326 1743 1488 1798; x_wconf 81' lang='lat' dir='ltr'>esse!</span> 
     </span>
     <span class='ocr_line' id='line_1_20' title="bbox 313 1813 1493 1873; baseline -0.003 0"><span class='ocrx_word' id='word_1_123' title='bbox 313 1820 439 1873; x_wconf 90' lang='lat' dir='ltr'>Non</span> <span class='ocrx_word' id='word_1_124' title='bbox 468 1816 629 1872; x_wconf 88' lang='lat' dir='ltr'>vides</span> <span class='ocrx_word' id='word_1_125' title='bbox 673 1816 1013 1871; x_wconf 81' lang='lat' dir='ltr'>erubescere</span> <span class='ocrx_word' id='word_1_126' title='bbox 1072 1822 1129 1870; x_wconf 87' lang='lat' dir='ltr'>te</span> <span class='ocrx_word' id='word_1_127' title='bbox 1173 1813 1382 1870; x_wconf 88' lang='lat' dir='ltr'>debere</span> <span class='ocrx_word' id='word_1_128' title='bbox 1421 1814 1493 1869; x_wconf 90' lang='lat' dir='ltr'>de</span> 
     </span>
     <span class='ocr_line' id='line_1_21' title="bbox 312 1885 1494 1956; baseline -0.005 -11"><span class='ocrx_word' id='word_1_129' title='bbox 312 1888 476 1945; x_wconf 86' lang='lat' dir='ltr'>bonis</span> <span class='ocrx_word' id='word_1_130' title='bbox 522 1889 656 1956; x_wconf 83' lang='lat' dir='ltr'>tuiS,</span> <span class='ocrx_word' id='word_1_131' title='bbox 708 1886 754 1942; x_wconf 87' lang='lat' dir='ltr'>si</span> <span class='ocrx_word' id='word_1_132' title='bbox 797 1887 997 1942; x_wconf 90' lang='lat' dir='ltr'>domus</span> <span class='ocrx_word' id='word_1_133' title='bbox 1051 1891 1152 1942; x_wconf 90' lang='lat' dir='ltr'>tua</span> <span class='ocrx_word' id='word_1_134' title='bbox 1194 1885 1359 1954; x_wconf 80' lang='lat' dir='ltr'>plena</span> <span class='ocrx_word' id='word_1_135' title='bbox 1407 1891 1494 1941; x_wconf 89' lang='lat' dir='ltr'>est</span> 
     </span>
     <span class='ocr_line' id='line_1_22' title="bbox 313 1955 1493 2027; baseline -0.003 -13"><span class='ocrx_word' id='word_1_136' title='bbox 313 1958 499 2027; x_wconf 90' lang='lat' dir='ltr'>bonis,</span> <span class='ocrx_word' id='word_1_137' title='bbox 518 1965 575 2014; x_wconf 91' lang='lat' dir='ltr'>et</span> <span class='ocrx_word' id='word_1_138' title='bbox 602 1964 659 2013; x_wconf 91' lang='lat' dir='ltr'>te</span> <span class='ocrx_word' id='word_1_139' title='bbox 683 1958 856 2013; x_wconf 89' lang='lat' dir='ltr'>habet</span> <span class='ocrx_word' id='word_1_140' title='bbox 884 1958 1094 2013; x_wconf 87' lang='lat' dir='ltr'>malum</span> <span class='ocrx_word' id='word_1_141' title='bbox 1117 1957 1145 2012; x_wconf 70' lang='lat'>‘2</span> <span class='ocrx_word' id='word_1_142' title='bbox 1170 1955 1316 2022; x_wconf 91' lang='lat' dir='ltr'>Quid</span> <span class='ocrx_word' id='word_1_143' title='bbox 1338 1957 1493 2011; x_wconf 86' lang='lat' dir='ltr'>enim</span> 
     </span>
     <span class='ocr_line' id='line_1_23' title="bbox 315 2025 1493 2099; baseline -0.003 -14"><span class='ocrx_word' id='word_1_144' title='bbox 315 2038 401 2085; x_wconf 85' lang='lat' dir='ltr'>est</span> <span class='ocrx_word' id='word_1_145' title='bbox 427 2029 577 2099; x_wconf 85' lang='lat' dir='ltr'>quod</span> <span class='ocrx_word' id='word_1_146' title='bbox 603 2029 742 2084; x_wconf 89' lang='lat' dir='ltr'>velis</span> <span class='ocrx_word' id='word_1_147' title='bbox 771 2028 984 2083; x_wconf 89' lang='lat' dir='ltr'>malum</span> <span class='ocrx_word' id='word_1_148' title='bbox 1009 2028 1244 2093; x_wconf 87' lang='lat' dir='ltr'>habere,</span> <span class='ocrx_word' id='word_1_149' title='bbox 1273 2026 1363 2081; x_wconf 93' lang='lat' dir='ltr'>dic</span> <span class='ocrx_word' id='word_1_150' title='bbox 1387 2025 1493 2081; x_wconf 91' lang='lat' dir='ltr'>mi-</span> 
     </span>
     <span class='ocr_line' id='line_1_24' title="bbox 316 2097 1494 2166; baseline -0.002 -11"><span class='ocrx_word' id='word_1_151' title='bbox 316 2100 376 2155; x_wconf 91' lang='lat' dir='ltr'>hi</span> <span class='ocrx_word' id='word_1_152' title='bbox 401 2100 429 2155; x_wconf 69' lang='lat'>‘2</span> <span class='ocrx_word' id='word_1_153' title='bbox 459 2098 611 2154; x_wconf 89' lang='lat' dir='ltr'>Nihil</span> <span class='ocrx_word' id='word_1_154' title='bbox 646 2097 896 2155; x_wconf 82' lang='lat' dir='ltr'>omnine.</span> <span class='ocrx_word' id='word_1_155' title='bbox 929 2100 1052 2153; x_wconf 87' lang='lat' dir='ltr'>Non</span> <span class='ocrx_word' id='word_1_156' title='bbox 1095 2112 1348 2166; x_wconf 87' lang='lat' dir='ltr'>uxorem,</span> <span class='ocrx_word' id='word_1_157' title='bbox 1379 2113 1494 2153; x_wconf 90' lang='lat' dir='ltr'>non</span> 
     </span>
     <span class='ocr_line' id='line_1_25' title="bbox 315 2169 1495 2239; baseline -0.002 -14"><span class='ocrx_word' id='word_1_158' title='bbox 315 2170 524 2239; x_wconf 87' lang='lat' dir='ltr'>filium,</span> <span class='ocrx_word' id='word_1_159' title='bbox 557 2185 669 2225; x_wconf 92' lang='lat' dir='ltr'>non</span> <span class='ocrx_word' id='word_1_160' title='bbox 696 2185 945 2238; x_wconf 85' lang='lat' dir='ltr'>servum,</span> <span class='ocrx_word' id='word_1_161' title='bbox 981 2185 1097 2224; x_wconf 92' lang='lat' dir='ltr'>non</span> <span class='ocrx_word' id='word_1_162' title='bbox 1131 2169 1347 2236; x_wconf 88' lang='lat' dir='ltr'>villam,</span> <span class='ocrx_word' id='word_1_163' title='bbox 1378 2184 1495 2224; x_wconf 91' lang='lat' dir='ltr'>non</span> 
     </span>
     <span class='ocr_line' id='line_1_26' title="bbox 316 2239 1497 2312; baseline -0.003 -16"><span class='ocrx_word' id='word_1_164' title='bbox 316 2243 591 2308; x_wconf 92' lang='lat' dir='ltr'>tunicam,</span> <span class='ocrx_word' id='word_1_165' title='bbox 630 2245 915 2312; x_wconf 89' lang='lat' dir='ltr'>postremo</span> <span class='ocrx_word' id='word_1_166' title='bbox 970 2255 1085 2296; x_wconf 90' lang='lat' dir='ltr'>non</span> <span class='ocrx_word' id='word_1_167' title='bbox 1133 2239 1404 2310; x_wconf 83' lang='lat' dir='ltr'>caligam:</span> <span class='ocrx_word' id='word_1_168' title='bbox 1439 2242 1497 2294; x_wconf 90' lang='lat' dir='ltr'>et</span> 
     </span>
     <span class='ocr_line' id='line_1_27' title="bbox 314 2310 1492 2369; baseline -0.003 -1"><span class='ocrx_word' id='word_1_169' title='bbox 314 2317 508 2369; x_wconf 84' lang='lat' dir='ltr'>tamen</span> <span class='ocrx_word' id='word_1_170' title='bbox 530 2311 616 2367; x_wconf 91' lang='lat' dir='ltr'>vis</span> <span class='ocrx_word' id='word_1_171' title='bbox 645 2312 860 2367; x_wconf 81' lang='lat' dir='ltr'>habere</span> <span class='ocrx_word' id='word_1_172' title='bbox 889 2312 1064 2367; x_wconf 87' lang='lat' dir='ltr'>vitam</span> <span class='ocrx_word' id='word_1_173' title='bbox 1097 2310 1307 2366; x_wconf 86' lang='lat' dir='ltr'>malam</span> <span class='ocrx_word' id='word_1_174' title='bbox 1333 2310 1346 2365; x_wconf 88' lang='lat' dir='ltr'>l</span> <span class='ocrx_word' id='word_1_175' title='bbox 1380 2312 1492 2365; x_wconf 85' lang='lat' dir='ltr'>Ro-</span> 
     </span>
     <span class='ocr_line' id='line_1_28' title="bbox 315 2380 1492 2454; baseline -0.002 -17"><span class='ocrx_word' id='word_1_176' title='bbox 315 2399 387 2454; x_wconf 84' lang='lat' dir='ltr'>go</span> <span class='ocrx_word' id='word_1_177' title='bbox 425 2390 503 2452; x_wconf 92' lang='lat' dir='ltr'>te,</span> <span class='ocrx_word' id='word_1_178' title='bbox 543 2398 810 2453; x_wconf 73' lang='lat' dir='ltr'>praepone</span> <span class='ocrx_word' id='word_1_179' title='bbox 862 2384 1036 2438; x_wconf 91' lang='lat' dir='ltr'>vitam</span> <span class='ocrx_word' id='word_1_180' title='bbox 1090 2389 1247 2438; x_wconf 88' lang='lat' dir='ltr'>tuam</span> <span class='ocrx_word' id='word_1_181' title='bbox 1298 2380 1492 2452; x_wconf 69' lang='lat' dir='ltr'>caligae</span> 
     </span>
     <span class='ocr_line' id='line_1_29' title="bbox 312 2452 1494 2526; baseline -0.002 -16"><span class='ocrx_word' id='word_1_182' title='bbox 312 2458 449 2510; x_wconf 85' lang='lat' dir='ltr'>tuae.</span> <span class='ocrx_word' id='word_1_183' title='bbox 479 2453 680 2511; x_wconf 90' lang='lat' dir='ltr'>Omnia</span> <span class='ocrx_word' id='word_1_184' title='bbox 721 2469 847 2525; x_wconf 82' lang='lat' dir='ltr'>quae</span> <span class='ocrx_word' id='word_1_185' title='bbox 875 2453 1278 2526; x_wconf 86' lang='lat' dir='ltr'>circumjacent</span> <span class='ocrx_word' id='word_1_186' title='bbox 1316 2452 1494 2508; x_wconf 90' lang='lat' dir='ltr'>oculis</span> 
     </span>
     <span class='ocr_line' id='line_1_30' title="bbox 316 2524 1494 2598; baseline -0.001 -17"><span class='ocrx_word' id='word_1_187' title='bbox 316 2527 429 2583; x_wconf 85' lang='lat' dir='ltr'>tuis</span> <span class='ocrx_word' id='word_1_188' title='bbox 474 2525 762 2596; x_wconf 81' lang='lat' dir='ltr'>elegantia</span> <span class='ocrx_word' id='word_1_189' title='bbox 815 2530 871 2581; x_wconf 89' lang='lat' dir='ltr'>et</span> <span class='ocrx_word' id='word_1_190' title='bbox 922 2526 1179 2598; x_wconf 88' lang='lat' dir='ltr'>pulchra,</span> <span class='ocrx_word' id='word_1_191' title='bbox 1219 2524 1322 2580; x_wconf 87' lang='lat' dir='ltr'>tibi</span> <span class='ocrx_word' id='word_1_192' title='bbox 1362 2539 1494 2580; x_wconf 85' lang='lat' dir='ltr'>cara</span> 
     </span>
     <span class='ocr_line' id='line_1_31' title="bbox 316 2594 1494 2667; baseline -0.002 -15"><span class='ocrx_word' id='word_1_193' title='bbox 316 2603 465 2664; x_wconf 90' lang='lat' dir='ltr'>sunt,</span> <span class='ocrx_word' id='word_1_194' title='bbox 493 2602 549 2652; x_wconf 89' lang='lat' dir='ltr'>et</span> <span class='ocrx_word' id='word_1_195' title='bbox 577 2595 787 2667; x_wconf 85' lang='lat' dir='ltr'>tibiipsi</span> <span class='ocrx_word' id='word_1_196' title='bbox 819 2596 943 2651; x_wconf 91' lang='lat' dir='ltr'>vilis</span> <span class='ocrx_word' id='word_1_197' title='bbox 978 2612 1059 2662; x_wconf 91' lang='lat' dir='ltr'>es,</span> <span class='ocrx_word' id='word_1_198' title='bbox 1090 2595 1273 2651; x_wconf 84' lang='lat' dir='ltr'>foedus</span> <span class='ocrx_word' id='word_1_199' title='bbox 1299 2596 1399 2651; x_wconf 89' lang='lat' dir='ltr'>esl</span> <span class='ocrx_word' id='word_1_200' title='bbox 1436 2594 1494 2650; x_wconf 88' lang='lat' dir='ltr'>Si</span> 
     </span>
     <span class='ocr_line' id='line_1_32' title="bbox 316 2665 1494 2739; baseline -0.002 -16"><span class='ocrx_word' id='word_1_201' title='bbox 316 2672 549 2739; x_wconf 84' lang='lat' dir='ltr'>possent</span> <span class='ocrx_word' id='word_1_202' title='bbox 576 2665 679 2722; x_wconf 91' lang='lat' dir='ltr'>tibi</span> <span class='ocrx_word' id='word_1_203' title='bbox 711 2667 1056 2737; x_wconf 87' lang='lat' dir='ltr'>respondere</span> <span class='ocrx_word' id='word_1_204' title='bbox 1084 2668 1251 2734; x_wconf 91' lang='lat' dir='ltr'>bona,</span> <span class='ocrx_word' id='word_1_205' title='bbox 1287 2667 1494 2737; x_wconf 81' lang='lat' dir='ltr'>quibus</span> 
     </span>
     <span class='ocr_line' id='line_1_33' title="bbox 315 2736 1494 2809; baseline -0.002 -15"><span class='ocrx_word' id='word_1_206' title='bbox 315 2739 482 2809; x_wconf 88' lang='lat' dir='ltr'>plena</span> <span class='ocrx_word' id='word_1_207' title='bbox 535 2742 619 2793; x_wconf 90' lang='lat' dir='ltr'>est</span> <span class='ocrx_word' id='word_1_208' title='bbox 669 2737 869 2794; x_wconf 88' lang='lat' dir='ltr'>domus</span> <span class='ocrx_word' id='word_1_209' title='bbox 922 2743 1041 2805; x_wconf 89' lang='lat' dir='ltr'>tua,</span> <span class='ocrx_word' id='word_1_210' title='bbox 1091 2754 1220 2809; x_wconf 81' lang='lat' dir='ltr'>quae</span> <span class='ocrx_word' id='word_1_211' title='bbox 1281 2736 1494 2793; x_wconf 90' lang='lat' dir='ltr'>habere</span> 
     </span>
     <span class='ocr_line' id='line_1_34' title="bbox 315 2808 1493 2879; baseline -0.001 -14"><span class='ocrx_word' id='word_1_212' title='bbox 315 2810 545 2879; x_wconf 88' lang='lat' dir='ltr'>optasti,</span> <span class='ocrx_word' id='word_1_213' title='bbox 577 2824 704 2879; x_wconf 82' lang='lat' dir='ltr'>quae</span> <span class='ocrx_word' id='word_1_214' title='bbox 735 2810 973 2872; x_wconf 81' lang='lat' dir='ltr'>perdere</span> <span class='ocrx_word' id='word_1_215' title='bbox 1017 2808 1274 2876; x_wconf 80' lang='lat' dir='ltr'>timuisti,</span> <span class='ocrx_word' id='word_1_216' title='bbox 1304 2825 1493 2864; x_wconf 91' lang='lat' dir='ltr'>nonne</span> 
     </span>
     <span class='ocr_line' id='line_1_35' title="bbox 314 2880 1493 2937; baseline -0.002 -1"><span class='ocrx_word' id='word_1_217' title='bbox 314 2882 419 2936; x_wconf 91' lang='lat' dir='ltr'>tibi</span> <span class='ocrx_word' id='word_1_218' title='bbox 451 2880 767 2936; x_wconf 88' lang='lat' dir='ltr'>clamarent</span> <span class='ocrx_word' id='word_1_219' title='bbox 795 2898 808 2935; x_wconf 88' lang='lat'>:</span> <span class='ocrx_word' id='word_1_220' title='bbox 843 2883 924 2937; x_wconf 87' lang='lat' dir='ltr'>Tu</span> <span class='ocrx_word' id='word_1_221' title='bbox 959 2896 1065 2935; x_wconf 91' lang='lat' dir='ltr'>nos</span> <span class='ocrx_word' id='word_1_222' title='bbox 1103 2881 1255 2936; x_wconf 89' lang='lat' dir='ltr'>bona</span> <span class='ocrx_word' id='word_1_223' title='bbox 1283 2881 1366 2934; x_wconf 92' lang='lat' dir='ltr'>vis</span> <span class='ocrx_word' id='word_1_224' title='bbox 1391 2880 1493 2934; x_wconf 86' lang='lat' dir='ltr'>ha-</span> 
     </span>
     <span class='ocr_line' id='line_1_36' title="bbox 314 2948 1492 3019; baseline -0.003 -11"><span class='ocrx_word' id='word_1_225' title='bbox 314 2952 477 3019; x_wconf 86' lang='lat' dir='ltr'>here,</span> <span class='ocrx_word' id='word_1_226' title='bbox 507 2948 588 3004; x_wconf 86' lang='lat' dir='ltr'>sic</span> <span class='ocrx_word' id='word_1_227' title='bbox 638 2953 694 3004; x_wconf 90' lang='lat' dir='ltr'>et</span> <span class='ocrx_word' id='word_1_228' title='bbox 723 2966 829 3006; x_wconf 92' lang='lat' dir='ltr'>nos</span> <span class='ocrx_word' id='word_1_229' title='bbox 855 2950 1118 3006; x_wconf 89' lang='lat' dir='ltr'>volumus</span> <span class='ocrx_word' id='word_1_230' title='bbox 1149 2950 1359 3006; x_wconf 85' lang='lat' dir='ltr'>bonum</span> <span class='ocrx_word' id='word_1_231' title='bbox 1386 2950 1492 3005; x_wconf 90' lang='lat' dir='ltr'>ha-</span> 
     </span>
     <span class='ocr_line' id='line_1_37' title="bbox 315 3018 1493 3091; baseline -0.002 -13"><span class='ocrx_word' id='word_1_232' title='bbox 315 3022 454 3078; x_wconf 88' lang='lat' dir='ltr'>bere</span> <span class='ocrx_word' id='word_1_233' title='bbox 485 3018 778 3076; x_wconf 88' lang='lat' dir='ltr'>dominum</span> <span class='ocrx_word' id='word_1_234' title='bbox 799 3021 827 3075; x_wconf 73' lang='lat' dir='ltr'>‘l</span> <span class='ocrx_word' id='word_1_235' title='bbox 849 3020 1044 3077; x_wconf 88' lang='lat' dir='ltr'>Tacita</span> <span class='ocrx_word' id='word_1_236' title='bbox 1068 3036 1206 3076; x_wconf 89' lang='lat' dir='ltr'>voce</span> <span class='ocrx_word' id='word_1_237' title='bbox 1231 3019 1493 3091; x_wconf 89' lang='lat' dir='ltr'>interpel-</span> 
     </span>
     <span class='ocr_line' id='line_1_38' title="bbox 314 3092 1492 3149; baseline -0.002 0"><span class='ocrx_word' id='word_1_238' title='bbox 314 3093 437 3149; x_wconf 87' lang='lat' dir='ltr'>lant</span> <span class='ocrx_word' id='word_1_239' title='bbox 483 3095 684 3146; x_wconf 89' lang='lat' dir='ltr'>contra</span> <span class='ocrx_word' id='word_1_240' title='bbox 716 3095 772 3146; x_wconf 88' lang='lat' dir='ltr'>te</span> <span class='ocrx_word' id='word_1_241' title='bbox 811 3092 1106 3147; x_wconf 90' lang='lat' dir='ltr'>dominum</span> <span class='ocrx_word' id='word_1_242' title='bbox 1132 3107 1316 3147; x_wconf 90' lang='lat' dir='ltr'>suum.</span> <span class='ocrx_word' id='word_1_243' title='bbox 1350 3094 1492 3147; x_wconf 90' lang='lat' dir='ltr'>Ecce</span> 
     </span>
     <span class='ocr_line' id='line_1_39' title="bbox 315 3160 1493 3234; baseline -0.003 -14"><span class='ocrx_word' id='word_1_244' title='bbox 315 3168 480 3220; x_wconf 85' lang='lat' dir='ltr'>tanta</span> <span class='ocrx_word' id='word_1_245' title='bbox 502 3162 653 3218; x_wconf 88' lang='lat' dir='ltr'>bona</span> <span class='ocrx_word' id='word_1_246' title='bbox 683 3161 889 3219; x_wconf 85' lang='lat' dir='ltr'>dedisti</span> <span class='ocrx_word' id='word_1_247' title='bbox 917 3162 1142 3230; x_wconf 87' lang='lat' dir='ltr'>huic,et</span> <span class='ocrx_word' id='word_1_248' title='bbox 1162 3162 1283 3234; x_wconf 90' lang='lat' dir='ltr'>ipse</span> <span class='ocrx_word' id='word_1_249' title='bbox 1312 3160 1493 3218; x_wconf 90' lang='lat' dir='ltr'>malus</span> 
     </span>
     <span class='ocr_line' id='line_1_40' title="bbox 314 3231 1492 3305; baseline -0.002 -14"><span class='ocrx_word' id='word_1_250' title='bbox 314 3240 418 3292; x_wconf 90' lang='lat' dir='ltr'>est.</span> <span class='ocrx_word' id='word_1_251' title='bbox 453 3231 598 3302; x_wconf 89' lang='lat' dir='ltr'>Quid</span> <span class='ocrx_word' id='word_1_252' title='bbox 635 3231 789 3290; x_wconf 89' lang='lat' dir='ltr'>enim</span> <span class='ocrx_word' id='word_1_253' title='bbox 838 3234 1068 3305; x_wconf 87' lang='lat' dir='ltr'>prodest</span> <span class='ocrx_word' id='word_1_254' title='bbox 1110 3233 1263 3305; x_wconf 86' lang='lat' dir='ltr'>quod</span> <span class='ocrx_word' id='word_1_255' title='bbox 1299 3234 1492 3303; x_wconf 86' lang='lat' dir='ltr'>habet,</span> 
     </span>
     <span class='ocr_line' id='line_1_41' title="bbox 313 3304 1492 3378; baseline -0.002 -17"><span class='ocrx_word' id='word_1_256' title='bbox 313 3306 544 3377; x_wconf 88' lang='lat' dir='ltr'>quando</span> <span class='ocrx_word' id='word_1_257' title='bbox 602 3321 753 3370; x_wconf 86' lang='lat' dir='ltr'>eum,</span> <span class='ocrx_word' id='word_1_258' title='bbox 795 3304 892 3378; x_wconf 89' lang='lat' dir='ltr'>qui</span> <span class='ocrx_word' id='word_1_259' title='bbox 933 3304 1125 3362; x_wconf 90' lang='lat' dir='ltr'>omnia</span> <span class='ocrx_word' id='word_1_260' title='bbox 1161 3304 1339 3373; x_wconf 86' lang='lat' dir='ltr'>dedit,</span> <span class='ocrx_word' id='word_1_261' title='bbox 1379 3319 1492 3360; x_wconf 93' lang='lat' dir='ltr'>non</span> 
     </span>
     <span class='ocr_line' id='line_1_42' title="bbox 313 3375 1496 3446; baseline -0.003 -12"><span class='ocrx_word' id='word_1_262' title='bbox 313 3378 488 3434; x_wconf 86' lang='lat' dir='ltr'>habet</span> <span class='ocrx_word' id='word_1_263' title='bbox 511 3375 539 3430; x_wconf 70' lang='lat' dir='ltr'>‘l</span> <span class='ocrx_word' id='word_1_264' title='bbox 578 3398 607 3427; x_wconf 90' lang='lat'>»</span> <span class='ocrx_word' id='word_1_265' title='bbox 657 3377 781 3434; x_wconf 88' lang='lat' dir='ltr'>haec</span> <span class='ocrx_word' id='word_1_266' title='bbox 818 3377 1188 3446; x_wconf 74' lang='lat' dir='ltr'>Auqustinus.</span> <span class='ocrx_word' id='word_1_267' title='bbox 1222 3377 1333 3431; x_wconf 88' lang='lat' dir='ltr'>Per</span> <span class='ocrx_word' id='word_1_268' title='bbox 1373 3376 1496 3431; x_wconf 84' lang='lat' dir='ltr'>haec</span> 
     </span>
     <span class='ocr_line' id='line_1_43' title="bbox 311 3447 1498 3529; baseline -0.001 -26"><span class='ocrx_word' id='word_1_269' title='bbox 311 3450 488 3505; x_wconf 88' lang='lat' dir='ltr'>verba</span> <span class='ocrx_word' id='word_1_270' title='bbox 514 3449 786 3529; x_wconf 72' lang='lat' dir='ltr'>praedicta</span> <span class='ocrx_word' id='word_1_271' title='bbox 814 3450 1118 3520; x_wconf 91' lang='lat' dir='ltr'>quemdam</span> <span class='ocrx_word' id='word_1_272' title='bbox 1151 3447 1432 3528; x_wconf 76' lang='lat' dir='ltr'>lubricum</span> <span class='ocrx_word' id='word_1_273' title='bbox 1462 3462 1498 3502; x_wconf 90' lang='lat' dir='ltr'>a</span> 
     </span>
     <span class='ocr_line' id='line_1_44' title="bbox 313 3519 1496 3591; baseline -0.003 -15"><span class='ocrx_word' id='word_1_274' title='bbox 313 3524 564 3590; x_wconf 82' lang='lat' dir='ltr'>peccatis</span> <span class='ocrx_word' id='word_1_275' title='bbox 603 3519 842 3576; x_wconf 83' lang='lat' dir='ltr'>retraxit</span> <span class='ocrx_word' id='word_1_276' title='bbox 874 3519 1224 3591; x_wconf 85' lang='lat' dir='ltr'>Augustinus</span> <span class='ocrx_word' id='word_1_277' title='bbox 1261 3534 1321 3573; x_wconf 81' lang='lat' dir='ltr'>ln</span> <span class='ocrx_word' id='word_1_278' title='bbox 1353 3533 1496 3590; x_wconf 92' lang='lat' dir='ltr'>quo-</span> 
     </span>
     <span class='ocr_line' id='line_1_45' title="bbox 315 3591 891 3648; baseline 0.005 -4"><span class='ocrx_word' id='word_1_279' title='bbox 315 3591 447 3646; x_wconf 90' lang='lat' dir='ltr'>dam</span> <span class='ocrx_word' id='word_1_280' title='bbox 476 3605 740 3646; x_wconf 86' lang='lat' dir='ltr'>sermone</span> <span class='ocrx_word' id='word_1_281' title='bbox 766 3607 891 3648; x_wconf 88' lang='lat' dir='ltr'>suo.</span> 
     </span>
    </p>

    <p class='ocr_par' dir='ltr' id='par_1_5' title="bbox 313 3661 1497 4445">
     <span class='ocr_line' id='line_1_46' title="bbox 386 3661 1495 3720; baseline 0.004 -6"><span class='ocrx_word' id='word_1_282' title='bbox 386 3665 418 3714; x_wconf 88' lang='lat'><strong>6</strong></span> <span class='ocrx_word' id='word_1_283' title='bbox 451 3661 687 3715; x_wconf 64' lang='lat' dir='ltr'>Sammo</span> <span class='ocrx_word' id='word_1_284' title='bbox 736 3677 991 3716; x_wconf 70' lang='lat' dir='ltr'>nummus</span> <span class='ocrx_word' id='word_1_285' title='bbox 1040 3679 1375 3720; x_wconf 62' lang='lat' dir='ltr'>nvcmzvarffl.</span> <span class='ocrx_word' id='word_1_286' title='bbox 1424 3690 1495 3703; x_wconf 91' lang='lat'>—</span> 
     </span>
     <span class='ocr_line' id='line_1_47' title="bbox 315 3732 1490 3801; baseline 0.001 -15"><span class='ocrx_word' id='word_1_287' title='bbox 315 3733 457 3786; x_wconf 82' lang='lat' dir='ltr'>Erat</span> <span class='ocrx_word' id='word_1_288' title='bbox 484 3735 666 3785; x_wconf 82' lang='lat' dir='ltr'>autem</span> <span class='ocrx_word' id='word_1_289' title='bbox 685 3732 881 3786; x_wconf 84' lang='lat' dir='ltr'>docens</span> <span class='ocrx_word' id='word_1_290' title='bbox 899 3734 959 3787; x_wconf 83' lang='lat' dir='ltr'>in</span> <span class='ocrx_word' id='word_1_291' title='bbox 978 3748 1263 3801; x_wconf 75' lang='lat' dir='ltr'>synaqoqa</span> <span class='ocrx_word' id='word_1_292' title='bbox 1287 3749 1490 3799; x_wconf 84' lang='lat' dir='ltr'>eorum,</span> 
     </span>
     <span class='ocr_line' id='line_1_48' title="bbox 316 3800 1497 3869; baseline 0.003 -14"><span class='ocrx_word' id='word_1_293' title='bbox 316 3801 374 3856; x_wconf 91' lang='lat' dir='ltr'>in</span> <span class='ocrx_word' id='word_1_294' title='bbox 425 3800 550 3856; x_wconf 93' lang='lat' dir='ltr'>loco</span> <span class='ocrx_word' id='word_1_295' title='bbox 606 3800 918 3869; x_wconf 90' lang='lat' dir='ltr'>communi,</span> <span class='ocrx_word' id='word_1_296' title='bbox 951 3803 1045 3858; x_wconf 91' lang='lat' dir='ltr'>ubi</span> <span class='ocrx_word' id='word_1_297' title='bbox 1085 3803 1497 3858; x_wconf 85' lang='lat' dir='ltr'>conveniebant</span> 
     </span>
     <span class='ocr_line' id='line_1_49' title="bbox 313 3870 1486 3945; baseline 0.001 -18"><span class='ocrx_word' id='word_1_298' title='bbox 313 3870 520 3939; x_wconf 83' lang='lat' dir='ltr'>Judaei,</span> <span class='ocrx_word' id='word_1_299' title='bbox 554 3878 609 3927; x_wconf 91' lang='lat' dir='ltr'>et</span> <span class='ocrx_word' id='word_1_300' title='bbox 648 3873 703 3926; x_wconf 92' lang='lat' dir='ltr'>in</span> <span class='ocrx_word' id='word_1_301' title='bbox 741 3873 1010 3936; x_wconf 83' lang='lat' dir='ltr'>sabbatis,</span> <span class='ocrx_word' id='word_1_302' title='bbox 1043 3872 1104 3929; x_wconf 91' lang='lat' dir='ltr'>in</span> <span class='ocrx_word' id='word_1_303' title='bbox 1140 3875 1346 3945; x_wconf 85' lang='lat' dir='ltr'>quibus</span> <span class='ocrx_word' id='word_1_304' title='bbox 1388 3874 1486 3928; x_wconf 93' lang='lat' dir='ltr'>ho-</span> 
     </span>
     <span class='ocr_line' id='line_1_50' title="bbox 317 3941 1491 4001; baseline 0.002 -4"><span class='ocrx_word' id='word_1_305' title='bbox 317 3941 501 3997; x_wconf 89' lang='lat' dir='ltr'>mines</span> <span class='ocrx_word' id='word_1_306' title='bbox 534 3943 743 3998; x_wconf 87' lang='lat' dir='ltr'>debent</span> <span class='ocrx_word' id='word_1_307' title='bbox 778 3944 1070 4000; x_wconf 88' lang='lat' dir='ltr'>intendere</span> <span class='ocrx_word' id='word_1_308' title='bbox 1099 3946 1289 4001; x_wconf 86' lang='lat' dir='ltr'>divino</span> <span class='ocrx_word' id='word_1_309' title='bbox 1320 3945 1491 4001; x_wconf 89' lang='lat' dir='ltr'>cultui</span> 
     </span>
     <span class='ocr_line' id='line_1_51' title="bbox 317 4011 1493 4084; baseline 0.002 -16"><span class='ocrx_word' id='word_1_310' title='bbox 317 4014 388 4068; x_wconf 91' lang='lat' dir='ltr'>ad</span> <span class='ocrx_word' id='word_1_311' title='bbox 438 4011 785 4069; x_wconf 89' lang='lat' dir='ltr'>audiendum</span> <span class='ocrx_word' id='word_1_312' title='bbox 832 4015 1067 4071; x_wconf 82' lang='lat' dir='ltr'>verbum</span> <span class='ocrx_word' id='word_1_313' title='bbox 1129 4018 1226 4072; x_wconf 91' lang='lat' dir='ltr'>Dei</span> <span class='ocrx_word' id='word_1_314' title='bbox 1254 4032 1268 4084; x_wconf 89' lang='grc'><strong>;</strong></span> <span class='ocrx_word' id='word_1_315' title='bbox 1303 4021 1364 4071; x_wconf 93' lang='lat' dir='ltr'>ut</span> <span class='ocrx_word' id='word_1_316' title='bbox 1415 4014 1493 4070; x_wconf 91' lang='lat' dir='ltr'>ibi</span> 
     </span>
     <span class='ocr_line' id='line_1_52' title="bbox 317 4083 1492 4158; baseline 0.003 -19"><span class='ocrx_word' id='word_1_317' title='bbox 317 4083 649 4156; x_wconf 84' lang='lat' dir='ltr'>praedictam</span> <span class='ocrx_word' id='word_1_318' title='bbox 684 4084 1115 4141; x_wconf 83' lang='lat' dir='ltr'>similitudinem</span> <span class='ocrx_word' id='word_1_319' title='bbox 1143 4102 1492 4158; x_wconf 77' lang='lat' dir='ltr'>proponenS,</span> 
     </span>
     <span class='ocr_line' id='line_1_53' title="bbox 316 4156 1494 4228; baseline 0.001 -16"><span class='ocrx_word' id='word_1_320' title='bbox 316 4171 444 4212; x_wconf 90' lang='lat' dir='ltr'>eam</span> <span class='ocrx_word' id='word_1_321' title='bbox 473 4156 545 4212; x_wconf 92' lang='lat' dir='ltr'>ad</span> <span class='ocrx_word' id='word_1_322' title='bbox 574 4170 921 4228; x_wconf 71' lang='lat' dir='ltr'>synagogam</span> <span class='ocrx_word' id='word_1_323' title='bbox 950 4160 1244 4228; x_wconf 88' lang='lat' dir='ltr'>pertinere</span> <span class='ocrx_word' id='word_1_324' title='bbox 1278 4156 1494 4213; x_wconf 92' lang='lat' dir='ltr'>indica-</span> 
     </span>
     <span class='ocr_line' id='line_1_54' title="bbox 316 4229 1492 4299; baseline 0.003 -17"><span class='ocrx_word' id='word_1_325' title='bbox 316 4233 426 4296; x_wconf 87' lang='lat' dir='ltr'>ret,</span> <span class='ocrx_word' id='word_1_326' title='bbox 456 4233 513 4284; x_wconf 91' lang='lat' dir='ltr'>et</span> <span class='ocrx_word' id='word_1_327' title='bbox 551 4229 703 4299; x_wconf 90' lang='lat' dir='ltr'>quod</span> <span class='ocrx_word' id='word_1_328' title='bbox 733 4243 1082 4299; x_wconf 89' lang='lat' dir='ltr'>synagogam</span> <span class='ocrx_word' id='word_1_329' title='bbox 1130 4229 1492 4285; x_wconf 81' lang='lat' dir='ltr'>infructuosae</span> 
     </span>
     <span class='ocr_line' id='line_1_55' title="bbox 316 4298 1490 4358; baseline 0.002 -3"><span class='ocrx_word' id='word_1_330' title='bbox 316 4298 510 4355; x_wconf 86' lang='lat' dir='ltr'>arbori</span> <span class='ocrx_word' id='word_1_331' title='bbox 533 4314 657 4355; x_wconf 91' lang='lat' dir='ltr'>com</span> <span class='ocrx_word' id='word_1_332' title='bbox 702 4306 910 4356; x_wconf 87' lang='lat' dir='ltr'>araret.</span> <span class='ocrx_word' id='word_1_333' title='bbox 939 4298 1172 4357; x_wconf 72' lang='lat' dir='ltr'>Arboris</span> <span class='ocrx_word' id='word_1_334' title='bbox 1196 4299 1347 4357; x_wconf 89' lang='lat' dir='ltr'>enim</span> <span class='ocrx_word' id='word_1_335' title='bbox 1371 4316 1490 4358; x_wconf 90' lang='lat' dir='ltr'>suc·</span> 
     </span>
     <span class='ocr_line' id='line_1_56' title="bbox 316 4369 1488 4445; baseline 0.003 -20"><span class='ocrx_word' id='word_1_336' title='bbox 316 4370 453 4427; x_wconf 89' lang='lat' dir='ltr'>cisio</span> <span class='ocrx_word' id='word_1_337' title='bbox 506 4369 652 4444; x_wconf 89' lang='lat' dir='ltr'>signi</span> <span class='ocrx_word' id='word_1_338' title='bbox 701 4372 866 4428; x_wconf 87' lang='lat' dir='ltr'>cahat</span> <span class='ocrx_word' id='word_1_339' title='bbox 894 4386 1200 4445; x_wconf 84' lang='lat' dir='ltr'>synagogae</span> <span class='ocrx_word' id='word_1_340' title='bbox 1248 4370 1488 4429; x_wconf 84' lang='lat' dir='ltr'>excisio-</span> 
     </span>
    </p>
   </div>
   <div class='ocr_carea' id='block_1_5' title="bbox 440 4465 1317 4531">
    <p class='ocr_par' dir='ltr' id='par_1_6' title="bbox 440 4465 1317 4531">
     <span class='ocr_line' id='line_1_57' title="bbox 440 4465 1317 4531; baseline 0.005 -16"><span class='ocrx_word' id='word_1_341' title='bbox 440 4465 583 4517; x_wconf 70' lang='lat' dir='ltr'>Vrn</span> <span class='ocrx_word' id='word_1_342' title='bbox 613 4467 648 4519; x_wconf 86' lang='lat' dir='ltr'><strong>J</strong></span> <span class='ocrx_word' id='word_1_343' title='bbox 652 4479 749 4520; x_wconf 76' lang='lat' dir='ltr'>ssu</span> <span class='ocrx_word' id='word_1_344' title='bbox 774 4465 1014 4531; x_wconf 75' lang='lat' dir='ltr'>Gnmsrt,</span> <span class='ocrx_word' id='word_1_345' title='bbox 1045 4482 1221 4522; x_wconf 74' lang='lat' dir='ltr'>‘rouus</span> <span class='ocrx_word' id='word_1_346' title='bbox 1245 4467 1317 4519; x_wconf 87' lang='lat'>11.</span> 
     </span>
    </p>
   </div>
   <div class='ocr_carea' id='block_1_6' title="bbox 1603 536 2774 748">
    <p class='ocr_par' dir='ltr' id='par_1_7' title="bbox 1603 536 2774 748">
     <span class='ocr_line' id='line_1_58' title="bbox 1603 536 2774 607; baseline 0.004 -15"><span class='ocrx_word' id='word_1_347' title='bbox 1603 551 1756 604; x_wconf 92' lang='lat' dir='ltr'>nem,</span> <span class='ocrx_word' id='word_1_348' title='bbox 1811 536 1998 606; x_wconf 80' lang='lat' dir='ltr'>quoad</span> <span class='ocrx_word' id='word_1_349' title='bbox 2053 537 2329 607; x_wconf 88' lang='lat' dir='ltr'>quosdam</span> <span class='ocrx_word' id='word_1_350' title='bbox 2381 540 2658 607; x_wconf 86' lang='lat' dir='ltr'>reprobos</span> <span class='ocrx_word' id='word_1_351' title='bbox 2715 546 2774 597; x_wconf 85' lang='lat' dir='ltr'>et</span> 
     </span>
     <span class='ocr_line' id='line_1_59' title="bbox 1603 606 2774 679; baseline 0.007 -18"><span class='ocrx_word' id='word_1_352' title='bbox 1603 606 1986 674; x_wconf 86' lang='lat' dir='ltr'>damnandos;</span> <span class='ocrx_word' id='word_1_353' title='bbox 2019 608 2118 662; x_wconf 92' lang='lat' dir='ltr'>sed</span> <span class='ocrx_word' id='word_1_354' title='bbox 2143 607 2399 664; x_wconf 91' lang='lat' dir='ltr'>mulieris</span> <span class='ocrx_word' id='word_1_355' title='bbox 2430 609 2501 666; x_wconf 90' lang='lat' dir='ltr'>de</span> <span class='ocrx_word' id='word_1_356' title='bbox 2529 626 2641 679; x_wconf 83' lang='lat' dir='ltr'>qua</span> <span class='ocrx_word' id='word_1_357' title='bbox 2679 627 2774 669; x_wconf 89' lang='lat' dir='ltr'>se-</span> 
     </span>
     <span class='ocr_line' id='line_1_60' title="bbox 1604 677 2774 748; baseline 0.004 -14"><span class='ocrx_word' id='word_1_358' title='bbox 1604 677 1796 748; x_wconf 83' lang='lat' dir='ltr'>quitur</span> <span class='ocrx_word' id='word_1_359' title='bbox 1823 678 2054 743; x_wconf 85' lang='lat' dir='ltr'>erectio,</span> <span class='ocrx_word' id='word_1_360' title='bbox 2082 678 2345 735; x_wconf 69' lang='lat' dir='ltr'>Ecelesiae</span> <span class='ocrx_word' id='word_1_361' title='bbox 2373 681 2774 739; x_wconf 88' lang='lat' dir='ltr'>exaltationem</span> 
     </span>
    </p>
   </div>
   <div class='ocr_carea' id='block_1_7' title="bbox 1590 746 2773 820">
    <p class='ocr_par' dir='ltr' id='par_1_8' title="bbox 1590 746 2773 820">
     <span class='ocr_line' id='line_1_61' title="bbox 1590 746 2773 820; baseline 0.011 -23"><span class='ocrx_word' id='word_1_362' title='bbox 1590 752 1659 805; x_wconf 75' lang='lat' dir='ltr'>,et</span> <span class='ocrx_word' id='word_1_363' title='bbox 1689 748 1987 820; x_wconf 87' lang='lat' dir='ltr'>cujuslibet</span> <span class='ocrx_word' id='word_1_364' title='bbox 2037 748 2223 803; x_wconf 87' lang='lat' dir='ltr'>fidelis</span> <span class='ocrx_word' id='word_1_365' title='bbox 2270 746 2477 806; x_wconf 85' lang='lat' dir='ltr'>animae</span> <span class='ocrx_word' id='word_1_366' title='bbox 2531 753 2773 809; x_wconf 88' lang='lat' dir='ltr'>erectio·</span> 
     </span>
    </p>
   </div>
   <div class='ocr_carea' id='block_1_8' title="bbox 1598 818 2788 4444">
    <p class='ocr_par' dir='ltr' id='par_1_9' title="bbox 1598 818 2783 2806">
     <span class='ocr_line' id='line_1_62' title="bbox 1605 818 2771 890; baseline 0.003 -15"><span class='ocrx_word' id='word_1_367' title='bbox 1605 836 1758 887; x_wconf 87' lang='lat' dir='ltr'>nem,</span> <span class='ocrx_word' id='word_1_368' title='bbox 1791 818 1908 875; x_wconf 89' lang='lat' dir='ltr'>sive</span> <span class='ocrx_word' id='word_1_369' title='bbox 1956 819 2029 875; x_wconf 93' lang='lat' dir='ltr'>ad</span> <span class='ocrx_word' id='word_1_370' title='bbox 2074 818 2247 875; x_wconf 84' lang='lat' dir='ltr'>fidem</span> <span class='ocrx_word' id='word_1_371' title='bbox 2277 826 2333 876; x_wconf 89' lang='lat' dir='ltr'>et</span> <span class='ocrx_word' id='word_1_372' title='bbox 2359 821 2624 890; x_wconf 82' lang='lat' dir='ltr'>gratiam,</span> <span class='ocrx_word' id='word_1_373' title='bbox 2654 823 2771 880; x_wconf 87' lang='lat' dir='ltr'>sive</span> 
     </span>
     <span class='ocr_line' id='line_1_63' title="bbox 1603 891 2774 963; baseline 0.003 -16"><span class='ocrx_word' id='word_1_374' title='bbox 1603 892 1676 947; x_wconf 94' lang='lat' dir='ltr'>ad</span> <span class='ocrx_word' id='word_1_375' title='bbox 1699 891 1961 963; x_wconf 88' lang='lat' dir='ltr'>gloriam.</span> <span class='ocrx_word' id='word_1_376' title='bbox 1977 891 2136 946; x_wconf 87' lang='lat' dir='ltr'>Unde</span> <span class='ocrx_word' id='word_1_377' title='bbox 2150 891 2512 948; x_wconf 82' lang='lat' dir='ltr'>Ambrosius:</span> <span class='ocrx_word' id='word_1_378' title='bbox 2539 915 2568 945; x_wconf 89' lang='lat'>«</span> <span class='ocrx_word' id='word_1_379' title='bbox 2593 895 2774 960; x_wconf 90' lang='lat' dir='ltr'>Quam</span> 
     </span>
     <span class='ocr_line' id='line_1_64' title="bbox 1604 961 2783 1033; baseline 0.003 -15"><span class='ocrx_word' id='word_1_380' title='bbox 1604 961 1851 1019; x_wconf 89' lang='lat' dir='ltr'>clemens</span> <span class='ocrx_word' id='word_1_381' title='bbox 1878 963 2175 1032; x_wconf 76' lang='lat' dir='ltr'>DominuS,</span> <span class='ocrx_word' id='word_1_382' title='bbox 2203 978 2376 1033; x_wconf 84' lang='lat' dir='ltr'>quam</span> <span class='ocrx_word' id='word_1_383' title='bbox 2394 964 2519 1032; x_wconf 90' lang='lat' dir='ltr'>pius</span> <span class='ocrx_word' id='word_1_384' title='bbox 2547 964 2605 1019; x_wconf 93' lang='lat' dir='ltr'>in</span> <span class='ocrx_word' id='word_1_385' title='bbox 2630 970 2783 1021; x_wconf 90' lang='lat' dir='ltr'>utro-</span> 
     </span>
     <span class='ocr_line' id='line_1_65' title="bbox 1604 1033 2776 1104; baseline 0.003 -15"><span class='ocrx_word' id='word_1_386' title='bbox 1604 1049 1735 1103; x_wconf 83' lang='lat' dir='ltr'>que,</span> <span class='ocrx_word' id='word_1_387' title='bbox 1760 1048 1890 1089; x_wconf 91' lang='lat' dir='ltr'>cum</span> <span class='ocrx_word' id='word_1_388' title='bbox 1913 1038 2013 1087; x_wconf 90' lang='lat' dir='ltr'>aut</span> <span class='ocrx_word' id='word_1_389' title='bbox 2033 1033 2357 1104; x_wconf 89' lang='lat' dir='ltr'>miseretur,</span> <span class='ocrx_word' id='word_1_390' title='bbox 2384 1039 2484 1091; x_wconf 89' lang='lat' dir='ltr'>aut</span> <span class='ocrx_word' id='word_1_391' title='bbox 2503 1033 2776 1093; x_wconf 79' lang='lat' dir='ltr'>vindicat!</span> 
     </span>
     <span class='ocr_line' id='line_1_66' title="bbox 1604 1105 2783 1178; baseline 0.003 -19"><span class='ocrx_word' id='word_1_392' title='bbox 1604 1107 1667 1160; x_wconf 91' lang='lat' dir='ltr'>In</span> <span class='ocrx_word' id='word_1_393' title='bbox 1693 1120 2000 1176; x_wconf 72' lang='lat' dir='ltr'>synagogae</span> <span class='ocrx_word' id='word_1_394' title='bbox 2019 1108 2177 1176; x_wconf 81' lang='lat' dir='ltr'>typo,</span> <span class='ocrx_word' id='word_1_395' title='bbox 2199 1105 2467 1161; x_wconf 85' lang='lat' dir='ltr'>arborem</span> <span class='ocrx_word' id='word_1_396' title='bbox 2495 1105 2675 1162; x_wconf 84' lang='lat' dir='ltr'>excidi</span> <span class='ocrx_word' id='word_1_397' title='bbox 2690 1107 2783 1178; x_wconf 75' lang='lat' dir='ltr'>Ju-</span> 
     </span>
     <span class='ocr_line' id='line_1_67' title="bbox 1602 1176 2778 1246; baseline 0.002 -14"><span class='ocrx_word' id='word_1_398' title='bbox 1602 1176 1729 1243; x_wconf 82' lang='lat' dir='ltr'>bet3</span> <span class='ocrx_word' id='word_1_399' title='bbox 1753 1176 1810 1230; x_wconf 90' lang='lat' dir='ltr'>in</span> <span class='ocrx_word' id='word_1_400' title='bbox 1828 1182 1960 1246; x_wconf 88' lang='lat' dir='ltr'>typo</span> <span class='ocrx_word' id='word_1_401' title='bbox 1985 1179 2174 1231; x_wconf 87' lang='lat' dir='ltr'>autem</span> <span class='ocrx_word' id='word_1_402' title='bbox 2197 1176 2482 1245; x_wconf 68' lang='lat' dir='ltr'>Ecclesiae,</span> <span class='ocrx_word' id='word_1_403' title='bbox 2506 1178 2778 1234; x_wconf 82' lang='lat' dir='ltr'>seminam</span> 
     </span>
     <span class='ocr_line' id='line_1_68' title="bbox 1601 1246 2775 1318; baseline 0.003 -17"><span class='ocrx_word' id='word_1_404' title='bbox 1601 1246 1801 1303; x_wconf 89' lang='lat' dir='ltr'>salvat.</span> <span class='ocrx_word' id='word_1_405' title='bbox 1837 1264 1865 1298; x_wconf 90' lang='lat'>»</span> <span class='ocrx_word' id='word_1_406' title='bbox 1895 1250 1969 1301; x_wconf 81' lang='lat' dir='ltr'>Et</span> <span class='ocrx_word' id='word_1_407' title='bbox 2007 1263 2143 1308; x_wconf 87' lang='lat' dir='ltr'>ecce.</span> <span class='ocrx_word' id='word_1_408' title='bbox 2175 1253 2313 1303; x_wconf 93' lang='lat' dir='ltr'>tunc</span> <span class='ocrx_word' id='word_1_409' title='bbox 2352 1263 2489 1318; x_wconf 90' lang='lat' dir='ltr'>ergo</span> <span class='ocrx_word' id='word_1_410' title='bbox 2525 1248 2603 1304; x_wconf 92' lang='lat' dir='ltr'>ibi</span> <span class='ocrx_word' id='word_1_411' title='bbox 2629 1254 2775 1318; x_wconf 88' lang='lat' dir='ltr'>erat,</span> 
     </span>
     <span class='ocr_line' id='line_1_69' title="bbox 1601 1317 2775 1391; baseline 0.004 -20"><span class='ocrx_word' id='word_1_412' title='bbox 1601 1319 1800 1372; x_wconf 76' lang='lat' dir='ltr'>mulier</span> <span class='ocrx_word' id='word_1_413' title='bbox 1845 1317 2125 1387; x_wconf 82' lang='lat' dir='ltr'>quaedam,</span> <span class='ocrx_word' id='word_1_414' title='bbox 2166 1334 2286 1389; x_wconf 78' lang='lat' dir='ltr'>quae</span> <span class='ocrx_word' id='word_1_415' title='bbox 2332 1320 2568 1374; x_wconf 80' lang='lat' dir='ltr'>habebat</span> <span class='ocrx_word' id='word_1_416' title='bbox 2602 1322 2775 1391; x_wconf 78' lang='lat' dir='ltr'>spiri-</span> 
     </span>
     <span class='ocr_line' id='line_1_70' title="bbox 1603 1389 2775 1457; baseline 0.003 -13"><span class='ocrx_word' id='word_1_417' title='bbox 1603 1393 1718 1444; x_wconf 82' lang='lat' dir='ltr'>tum</span> <span class='ocrx_word' id='word_1_418' title='bbox 1765 1390 2129 1457; x_wconf 74' lang='lat' dir='ltr'>infirmitatis,</span> <span class='ocrx_word' id='word_1_419' title='bbox 2166 1389 2223 1444; x_wconf 94' lang='lat' dir='ltr'>id</span> <span class='ocrx_word' id='word_1_420' title='bbox 2261 1395 2346 1445; x_wconf 81' lang='lat' dir='ltr'>est</span> <span class='ocrx_word' id='word_1_421' title='bbox 2384 1389 2775 1447; x_wconf 84' lang='lat' dir='ltr'>infirmitatem</span> 
     </span>
     <span class='ocr_line' id='line_1_71' title="bbox 1602 1457 2780 1530; baseline 0.003 -15"><span class='ocrx_word' id='word_1_422' title='bbox 1602 1475 1633 1515; x_wconf 89' lang='lat' dir='ltr'>a</span> <span class='ocrx_word' id='word_1_423' title='bbox 1664 1457 1865 1530; x_wconf 88' lang='lat' dir='ltr'>spiritu</span> <span class='ocrx_word' id='word_1_424' title='bbox 1894 1458 2145 1530; x_wconf 90' lang='lat' dir='ltr'>maligno</span> <span class='ocrx_word' id='word_1_425' title='bbox 2193 1459 2464 1517; x_wconf 85' lang='lat' dir='ltr'>inflictam</span> <span class='ocrx_word' id='word_1_426' title='bbox 2499 1465 2556 1517; x_wconf 89' lang='lat' dir='ltr'>et</span> <span class='ocrx_word' id='word_1_427' title='bbox 2584 1477 2780 1519; x_wconf 87' lang='lat' dir='ltr'>causa·</span> 
     </span>
     <span class='ocr_line' id='line_1_72' title="bbox 1601 1529 2780 1601; baseline 0.003 -16"><span class='ocrx_word' id='word_1_428' title='bbox 1601 1533 1742 1599; x_wconf 90' lang='lat' dir='ltr'>tam,</span> <span class='ocrx_word' id='word_1_429' title='bbox 1774 1529 1912 1601; x_wconf 83' lang='lat' dir='ltr'>quia</span> <span class='ocrx_word' id='word_1_430' title='bbox 1960 1536 2084 1586; x_wconf 89' lang='lat' dir='ltr'>erat</span> <span class='ocrx_word' id='word_1_431' title='bbox 2129 1546 2165 1587; x_wconf 88' lang='lat' dir='ltr'>a</span> <span class='ocrx_word' id='word_1_432' title='bbox 2217 1532 2446 1601; x_wconf 90' lang='lat' dir='ltr'>Satana‚</span> <span class='ocrx_word' id='word_1_433' title='bbox 2494 1534 2674 1589; x_wconf 83' lang='lat' dir='ltr'>decem</span> <span class='ocrx_word' id='word_1_434' title='bbox 2726 1538 2780 1589; x_wconf 86' lang='lat' dir='ltr'>et</span> 
     </span>
     <span class='ocr_line' id='line_1_73' title="bbox 1603 1602 2780 1667; baseline 0.003 -11"><span class='ocrx_word' id='word_1_435' title='bbox 1603 1606 1718 1657; x_wconf 81' lang='lat' dir='ltr'>octo</span> <span class='ocrx_word' id='word_1_436' title='bbox 1746 1603 1941 1667; x_wconf 82' lang='lat' dir='ltr'>annis;</span> <span class='ocrx_word' id='word_1_437' title='bbox 1969 1605 2022 1656; x_wconf 80' lang='lat' dir='ltr'>et</span> <span class='ocrx_word' id='word_1_438' title='bbox 2043 1607 2162 1657; x_wconf 79' lang='lat' dir='ltr'>erat</span> <span class='ocrx_word' id='word_1_439' title='bbox 2181 1602 2406 1658; x_wconf 90' lang='lat' dir='ltr'>vinculo</span> <span class='ocrx_word' id='word_1_440' title='bbox 2428 1603 2780 1661; x_wconf 82' lang='lat' dir='ltr'>infirmitatis</span> 
     </span>
     <span class='ocr_line' id='line_1_74' title="bbox 1603 1671 2778 1742; baseline 0.003 -15"><span class='ocrx_word' id='word_1_441' title='bbox 1603 1671 1859 1742; x_wconf 84' lang='lat' dir='ltr'>alligata,</span> <span class='ocrx_word' id='word_1_442' title='bbox 1884 1677 1941 1726; x_wconf 92' lang='lat' dir='ltr'>et</span> <span class='ocrx_word' id='word_1_443' title='bbox 1977 1688 2134 1728; x_wconf 90' lang='lat' dir='ltr'>more</span> <span class='ocrx_word' id='word_1_444' title='bbox 2171 1673 2468 1730; x_wconf 88' lang='lat' dir='ltr'>brutorum</span> <span class='ocrx_word' id='word_1_445' title='bbox 2502 1677 2778 1731; x_wconf 80' lang='lat' dir='ltr'>inclinata</span> 
     </span>
     <span class='ocr_line' id='line_1_75' title="bbox 1604 1743 2779 1813; baseline 0.004 -16"><span class='ocrx_word' id='word_1_446' title='bbox 1604 1744 2012 1812; x_wconf 83' lang='lat' dir='ltr'>incurvataque</span> <span class='ocrx_word' id='word_1_447' title='bbox 2044 1743 2117 1799; x_wconf 87' lang='lat' dir='ltr'>ad</span> <span class='ocrx_word' id='word_1_448' title='bbox 2150 1750 2392 1813; x_wconf 84' lang='lat' dir='ltr'>terram3</span> <span class='ocrx_word' id='word_1_449' title='bbox 2432 1762 2528 1801; x_wconf 84' lang='lat' dir='ltr'>nec</span> <span class='ocrx_word' id='word_1_450' title='bbox 2561 1749 2779 1802; x_wconf 83' lang='lat' dir='ltr'>omnino</span> 
     </span>
     <span class='ocr_line' id='line_1_76' title="bbox 1598 1815 2783 1886; baseline 0.004 -18"><span class='ocrx_word' id='word_1_451' title='bbox 1598 1818 1818 1885; x_wconf 80' lang='lat' dir='ltr'>poterat</span> <span class='ocrx_word' id='word_1_452' title='bbox 1838 1829 2055 1869; x_wconf 82' lang='lat' dir='ltr'>sursum</span> <span class='ocrx_word' id='word_1_453' title='bbox 2074 1817 2342 1886; x_wconf 79' lang='lat' dir='ltr'>respicere</span> <span class='ocrx_word' id='word_1_454' title='bbox 2365 1815 2422 1871; x_wconf 91' lang='lat' dir='ltr'>in</span> <span class='ocrx_word' id='word_1_455' title='bbox 2452 1818 2678 1878; x_wconf 85' lang='lat' dir='ltr'>coelum.</span> <span class='ocrx_word' id='word_1_456' title='bbox 2707 1816 2783 1873; x_wconf 86' lang='lat' dir='ltr'>ad</span> 
     </span>
     <span class='ocr_line' id='line_1_77' title="bbox 1604 1884 2781 1960; baseline -0.001 -16"><span class='ocrx_word' id='word_1_457' title='bbox 1604 1884 1758 1944; x_wconf 75' lang='lat' dir='ltr'>cuod</span> <span class='ocrx_word' id='word_1_458' title='bbox 1787 1888 1908 1941; x_wconf 89' lang='lat' dir='ltr'>erat</span> <span class='ocrx_word' id='word_1_459' title='bbox 1934 1885 2102 1944; x_wconf 81' lang='lat' dir='ltr'>facta.</span> <span class='ocrx_word' id='word_1_460' title='bbox 2131 1885 2266 1956; x_wconf 90' lang='lat' dir='ltr'>quia</span> <span class='ocrx_word' id='word_1_461' title='bbox 2293 1890 2525 1943; x_wconf 88' lang='lat' dir='ltr'>terrena</span> <span class='ocrx_word' id='word_1_462' title='bbox 2553 1887 2781 1960; x_wconf 90' lang='lat' dir='ltr'>sapiens</span> 
     </span>
     <span class='ocr_line' id='line_1_78' title="bbox 1605 1954 2782 2029; baseline 0.003 -18"><span class='ocrx_word' id='word_1_463' title='bbox 1605 1959 1661 2011; x_wconf 93' lang='lat' dir='ltr'>et</span> <span class='ocrx_word' id='word_1_464' title='bbox 1688 1954 1889 2012; x_wconf 84' lang='lat' dir='ltr'>infima</span> <span class='ocrx_word' id='word_1_465' title='bbox 1928 1955 2223 2027; x_wconf 85' lang='lat' dir='ltr'>requirens</span> <span class='ocrx_word' id='word_1_466' title='bbox 2246 1957 2497 2015; x_wconf 84' lang='lat' dir='ltr'>coelestia</span> <span class='ocrx_word' id='word_1_467' title='bbox 2524 1963 2582 2015; x_wconf 89' lang='lat' dir='ltr'>et</span> <span class='ocrx_word' id='word_1_468' title='bbox 2614 1974 2782 2029; x_wconf 88' lang='lat' dir='ltr'>supe·</span> 
     </span>
     <span class='ocr_line' id='line_1_79' title="bbox 1605 2025 2779 2099; baseline 0.003 -18"><span class='ocrx_word' id='word_1_469' title='bbox 1605 2025 1764 2083; x_wconf 90' lang='lat' dir='ltr'>riora</span> <span class='ocrx_word' id='word_1_470' title='bbox 1780 2025 2030 2097; x_wconf 89' lang='lat' dir='ltr'>cogitare</span> <span class='ocrx_word' id='word_1_471' title='bbox 2042 2028 2300 2083; x_wconf 90' lang='lat' dir='ltr'>nondum</span> <span class='ocrx_word' id='word_1_472' title='bbox 2318 2030 2550 2085; x_wconf 85' lang='lat' dir='ltr'>sciebat.</span> <span class='ocrx_word' id='word_1_473' title='bbox 2585 2030 2779 2099; x_wconf 84' lang='lat' dir='ltr'>Quam,</span> 
     </span>
     <span class='ocr_line' id='line_1_80' title="bbox 1604 2098 2782 2168; baseline 0.004 -17"><span class='ocrx_word' id='word_1_474' title='bbox 1604 2114 1725 2152; x_wconf 86' lang='lat' dir='ltr'>eum</span> <span class='ocrx_word' id='word_1_475' title='bbox 1745 2098 1955 2153; x_wconf 83' lang='lat' dir='ltr'>videret</span> <span class='ocrx_word' id='word_1_476' title='bbox 1967 2101 2145 2167; x_wconf 82' lang='lat' dir='ltr'>Jesus,</span> <span class='ocrx_word' id='word_1_477' title='bbox 2165 2102 2383 2155; x_wconf 82' lang='lat' dir='ltr'>vocavit</span> <span class='ocrx_word' id='word_1_478' title='bbox 2402 2117 2521 2156; x_wconf 88' lang='lat' dir='ltr'>eam</span> <span class='ocrx_word' id='word_1_479' title='bbox 2539 2102 2615 2155; x_wconf 85' lang='lat' dir='ltr'>ad</span> <span class='ocrx_word' id='word_1_480' title='bbox 2629 2117 2707 2168; x_wconf 89' lang='lat' dir='ltr'>se,</span> <span class='ocrx_word' id='word_1_481' title='bbox 2730 2105 2782 2157; x_wconf 80' lang='lat' dir='ltr'>et</span> 
     </span>
     <span class='ocr_line' id='line_1_81' title="bbox 1605 2169 2781 2241; baseline 0.003 -18"><span class='ocrx_word' id='word_1_482' title='bbox 1605 2171 1688 2224; x_wconf 79' lang='lat' dir='ltr'>ait</span> <span class='ocrx_word' id='word_1_483' title='bbox 1736 2169 1870 2223; x_wconf 86' lang='lat' dir='ltr'>illi:</span> <span class='ocrx_word' id='word_1_484' title='bbox 1902 2170 2125 2238; x_wconf 78' lang='lat' dir='ltr'>Mulier,</span> <span class='ocrx_word' id='word_1_485' title='bbox 2153 2170 2386 2225; x_wconf 85' lang='lat' dir='ltr'>dimissa</span> <span class='ocrx_word' id='word_1_486' title='bbox 2423 2187 2478 2226; x_wconf 87' lang='lat' dir='ltr'>es</span> <span class='ocrx_word' id='word_1_487' title='bbox 2516 2172 2586 2227; x_wconf 87' lang='lat' dir='ltr'>ab</span> <span class='ocrx_word' id='word_1_488' title='bbox 2622 2174 2781 2241; x_wconf 75' lang='lat' dir='ltr'>infir-</span> 
     </span>
     <span class='ocr_line' id='line_1_82' title="bbox 1603 2242 2783 2311; baseline 0.003 -18"><span class='ocrx_word' id='word_1_489' title='bbox 1603 2242 1796 2294; x_wconf 81' lang='lat' dir='ltr'>mitate</span> <span class='ocrx_word' id='word_1_490' title='bbox 1824 2243 1940 2294; x_wconf 81' lang='lat' dir='ltr'>tua.</span> <span class='ocrx_word' id='word_1_491' title='bbox 1973 2243 2046 2294; x_wconf 83' lang='lat' dir='ltr'>Et</span> <span class='ocrx_word' id='word_1_492' title='bbox 2074 2243 2209 2296; x_wconf 90' lang='lat' dir='ltr'>tunc</span> <span class='ocrx_word' id='word_1_493' title='bbox 2246 2243 2512 2311; x_wconf 80' lang='lat' dir='ltr'>imposuit</span> <span class='ocrx_word' id='word_1_494' title='bbox 2544 2242 2636 2297; x_wconf 87' lang='lat' dir='ltr'>illi</span> <span class='ocrx_word' id='word_1_495' title='bbox 2668 2259 2783 2298; x_wconf 86' lang='lat' dir='ltr'>ma-</span> 
     </span>
     <span class='ocr_line' id='line_1_83' title="bbox 1605 2310 2779 2382; baseline 0.005 -18"><span class='ocrx_word' id='word_1_496' title='bbox 1605 2326 1729 2376; x_wconf 85' lang='lat' dir='ltr'>nus,</span> <span class='ocrx_word' id='word_1_497' title='bbox 1760 2314 1811 2365; x_wconf 80' lang='lat' dir='ltr'>et</span> <span class='ocrx_word' id='word_1_498' title='bbox 1852 2312 2157 2379; x_wconf 77' lang='lat' dir='ltr'>confestim,</span> <span class='ocrx_word' id='word_1_499' title='bbox 2194 2310 2532 2368; x_wconf 90' lang='lat' dir='ltr'>mirabiliter</span> <span class='ocrx_word' id='word_1_500' title='bbox 2558 2317 2779 2382; x_wconf 85' lang='lat' dir='ltr'>sanata,</span> 
     </span>
     <span class='ocr_line' id='line_1_84' title="bbox 1606 2384 2779 2453; baseline 0.004 -17"><span class='ocrx_word' id='word_1_501' title='bbox 1606 2387 1780 2437; x_wconf 83' lang='lat' dir='ltr'>erecta</span> <span class='ocrx_word' id='word_1_502' title='bbox 1814 2386 1915 2451; x_wconf 82' lang='lat' dir='ltr'>est,</span> <span class='ocrx_word' id='word_1_503' title='bbox 1956 2386 2008 2437; x_wconf 80' lang='lat' dir='ltr'>et</span> <span class='ocrx_word' id='word_1_504' title='bbox 2053 2384 2402 2452; x_wconf 66' lang='lat' dir='ltr'>glorificabat</span> <span class='ocrx_word' id='word_1_505' title='bbox 2452 2387 2644 2449; x_wconf 85' lang='lat' dir='ltr'>Deum,</span> <span class='ocrx_word' id='word_1_506' title='bbox 2677 2402 2779 2453; x_wconf 89' lang='lat' dir='ltr'>pro</span> 
     </span>
     <span class='ocr_line' id='line_1_85' title="bbox 1604 2452 2778 2529; baseline 0.004 -21"><span class='ocrx_word' id='word_1_507' title='bbox 1604 2452 1898 2508; x_wconf 83' lang='lat' dir='ltr'>beneflciis</span> <span class='ocrx_word' id='word_1_508' title='bbox 1940 2455 2219 2525; x_wconf 89' lang='lat' dir='ltr'>acceptis;</span> <span class='ocrx_word' id='word_1_509' title='bbox 2251 2453 2429 2510; x_wconf 89' lang='lat' dir='ltr'>solam</span> <span class='ocrx_word' id='word_1_510' title='bbox 2470 2454 2621 2513; x_wconf 90' lang='lat' dir='ltr'>enim</span> <span class='ocrx_word' id='word_1_511' title='bbox 2654 2457 2778 2529; x_wconf 89' lang='lat' dir='ltr'>glo-</span> 
     </span>
     <span class='ocr_line' id='line_1_86' title="bbox 1604 2523 2779 2600; baseline 0.004 -21"><span class='ocrx_word' id='word_1_512' title='bbox 1604 2523 1747 2580; x_wconf 90' lang='lat' dir='ltr'>riam</span> <span class='ocrx_word' id='word_1_513' title='bbox 1780 2524 1989 2580; x_wconf 91' lang='lat' dir='ltr'>retinet</span> <span class='ocrx_word' id='word_1_514' title='bbox 2039 2527 2186 2582; x_wconf 90' lang='lat' dir='ltr'>Deus</span> <span class='ocrx_word' id='word_1_515' title='bbox 2215 2525 2287 2582; x_wconf 91' lang='lat' dir='ltr'>de</span> <span class='ocrx_word' id='word_1_516' title='bbox 2318 2526 2587 2598; x_wconf 88' lang='lat' dir='ltr'>operibus</span> <span class='ocrx_word' id='word_1_517' title='bbox 2643 2527 2779 2600; x_wconf 80' lang='lat' dir='ltr'>suiS,</span> 
     </span>
     <span class='ocr_line' id='line_1_87' title="bbox 1604 2594 2779 2655; baseline 0.003 -5"><span class='ocrx_word' id='word_1_518' title='bbox 1604 2599 1782 2650; x_wconf 91' lang='lat' dir='ltr'>totam</span> <span class='ocrx_word' id='word_1_519' title='bbox 1812 2611 1947 2651; x_wconf 90' lang='lat' dir='ltr'>vero</span> <span class='ocrx_word' id='word_1_520' title='bbox 1978 2594 2278 2651; x_wconf 89' lang='lat' dir='ltr'>utilitatem</span> <span class='ocrx_word' id='word_1_521' title='bbox 2306 2597 2567 2653; x_wconf 88' lang='lat' dir='ltr'>concedit</span> <span class='ocrx_word' id='word_1_522' title='bbox 2592 2599 2779 2655; x_wconf 88' lang='lat' dir='ltr'>nobis.</span> 
     </span>
     <span class='ocr_line' id='line_1_88' title="bbox 1605 2664 2782 2726; baseline 0.005 -6"><span class='ocrx_word' id='word_1_523' title='bbox 1605 2667 1667 2721; x_wconf 91' lang='lat' dir='ltr'>In</span> <span class='ocrx_word' id='word_1_524' title='bbox 1706 2666 1814 2721; x_wconf 91' lang='lat' dir='ltr'>hoc</span> <span class='ocrx_word' id='word_1_525' title='bbox 1859 2664 2108 2722; x_wconf 87' lang='lat' dir='ltr'>ostendit</span> <span class='ocrx_word' id='word_1_526' title='bbox 2144 2665 2421 2722; x_wconf 91' lang='lat' dir='ltr'>Dominus</span> <span class='ocrx_word' id='word_1_527' title='bbox 2473 2683 2635 2724; x_wconf 89' lang='lat' dir='ltr'>suam</span> <span class='ocrx_word' id='word_1_528' title='bbox 2672 2669 2782 2726; x_wconf 92' lang='lat' dir='ltr'>hu-</span> 
     </span>
     <span class='ocr_line' id='line_1_89' title="bbox 1605 2735 2780 2806; baseline 0.003 -14"><span class='ocrx_word' id='word_1_529' title='bbox 1605 2736 1928 2805; x_wconf 90' lang='lat' dir='ltr'>militatem,</span> <span class='ocrx_word' id='word_1_530' title='bbox 1966 2735 2099 2806; x_wconf 89' lang='lat' dir='ltr'>quia</span> <span class='ocrx_word' id='word_1_531' title='bbox 2150 2735 2412 2793; x_wconf 78' lang='lat' dir='ltr'>infirmos</span> <span class='ocrx_word' id='word_1_532' title='bbox 2457 2754 2573 2794; x_wconf 89' lang='lat' dir='ltr'>non</span> <span class='ocrx_word' id='word_1_533' title='bbox 2623 2739 2780 2795; x_wconf 91' lang='lat' dir='ltr'>dedi-</span> 
     </span>
    </p>

    <p class='ocr_par' dir='ltr' id='par_1_10' title="bbox 1646 2809 2783 2879">
     <span class='ocr_line' id='line_1_90' title="bbox 1646 2809 2783 2879; baseline 0.003 -16"><span class='ocrx_word' id='word_1_534' title='bbox 1646 2809 1889 2864; x_wconf 87' lang='lat' dir='ltr'>nabatur</span> <span class='ocrx_word' id='word_1_535' title='bbox 1934 2811 2208 2878; x_wconf 89' lang='lat' dir='ltr'>tangere,</span> <span class='ocrx_word' id='word_1_536' title='bbox 2258 2814 2668 2879; x_wconf 88' lang='lat' dir='ltr'>quantumcum</span> <span class='ocrx_word' id='word_1_537' title='bbox 2715 2826 2783 2866; x_wconf 89' lang='lat' dir='ltr'>uc</span> 
     </span>
    </p>

    <p class='ocr_par' dir='ltr' id='par_1_11' title="bbox 1604 2877 2785 3592">
     <span class='ocr_line' id='line_1_91' title="bbox 1647 2877 2785 2949; baseline 0.002 -16"><span class='ocrx_word' id='word_1_538' title='bbox 1647 2879 1921 2934; x_wconf 81' lang='lat' dir='ltr'>eformem</span> <span class='ocrx_word' id='word_1_539' title='bbox 1953 2877 2039 2935; x_wconf 91' lang='lat' dir='ltr'>vel</span> <span class='ocrx_word' id='word_1_540' title='bbox 2063 2895 2294 2949; x_wconf 85' lang='lat' dir='ltr'>gravem</span> <span class='ocrx_word' id='word_1_541' title='bbox 2319 2880 2601 2936; x_wconf 88' lang='lat' dir='ltr'>haberent</span> <span class='ocrx_word' id='word_1_542' title='bbox 2625 2879 2685 2935; x_wconf 91' lang='lat' dir='ltr'>in</span> <span class='ocrx_word' id='word_1_543' title='bbox 2734 2897 2785 2935; x_wconf 92' lang='lat' dir='ltr'>r-</span> 
     </span>
     <span class='ocr_line' id='line_1_92' title="bbox 1605 2948 2783 3008; baseline 0.002 -3"><span class='ocrx_word' id='word_1_544' title='bbox 1605 2949 1880 3006; x_wconf 88' lang='lat' dir='ltr'>mitatem.</span> <span class='ocrx_word' id='word_1_545' title='bbox 1915 2948 2070 3005; x_wconf 87' lang='lat' dir='ltr'>Licet</span> <span class='ocrx_word' id='word_1_546' title='bbox 2108 2956 2297 3008; x_wconf 89' lang='lat' dir='ltr'>autem</span> <span class='ocrx_word' id='word_1_547' title='bbox 2349 2952 2453 3006; x_wconf 88' lang='lat' dir='ltr'>ista</span> <span class='ocrx_word' id='word_1_548' title='bbox 2489 2949 2783 3007; x_wconf 86' lang='lat' dir='ltr'>inclinatio</span> 
     </span>
     <span class='ocr_line' id='line_1_93' title="bbox 1606 3019 2783 3091; baseline 0.002 -15"><span class='ocrx_word' id='word_1_549' title='bbox 1606 3019 1861 3077; x_wconf 87' lang='lat' dir='ltr'>mulieris</span> <span class='ocrx_word' id='word_1_550' title='bbox 1893 3019 2247 3091; x_wconf 86' lang='lat' dir='ltr'>intelligatur</span> <span class='ocrx_word' id='word_1_551' title='bbox 2295 3020 2367 3077; x_wconf 91' lang='lat' dir='ltr'>de</span> <span class='ocrx_word' id='word_1_552' title='bbox 2411 3020 2783 3078; x_wconf 89' lang='lat' dir='ltr'>inclinatione</span> 
     </span>
     <span class='ocr_line' id='line_1_94' title="bbox 1604 3090 2779 3161; baseline 0.001 -13"><span class='ocrx_word' id='word_1_553' title='bbox 1604 3090 1975 3159; x_wconf 82' lang='lat' dir='ltr'>infirmitatis,</span> <span class='ocrx_word' id='word_1_554' title='bbox 2009 3106 2203 3161; x_wconf 82' lang='lat' dir='ltr'>quam,</span> <span class='ocrx_word' id='word_1_555' title='bbox 2242 3090 2470 3148; x_wconf 89' lang='lat' dir='ltr'>diabolo</span> <span class='ocrx_word' id='word_1_556' title='bbox 2519 3098 2779 3161; x_wconf 84' lang='lat' dir='ltr'>vexante,</span> 
     </span>
     <span class='ocr_line' id='line_1_95' title="bbox 1606 3161 2780 3235; baseline 0.001 -16"><span class='ocrx_word' id='word_1_557' title='bbox 1606 3162 1943 3232; x_wconf 89' lang='lat' dir='ltr'>sustinebat,</span> <span class='ocrx_word' id='word_1_558' title='bbox 1964 3166 2159 3219; x_wconf 88' lang='lat' dir='ltr'>tamen</span> <span class='ocrx_word' id='word_1_559' title='bbox 2183 3161 2491 3235; x_wconf 90' lang='lat' dir='ltr'>accipimus</span> <span class='ocrx_word' id='word_1_560' title='bbox 2515 3179 2644 3220; x_wconf 90' lang='lat' dir='ltr'>eam</span> <span class='ocrx_word' id='word_1_561' title='bbox 2662 3179 2780 3220; x_wconf 89' lang='lat' dir='ltr'>mo·</span> 
     </span>
     <span class='ocr_line' id='line_1_96' title="bbox 1606 3233 2779 3304; baseline 0.003 -14"><span class='ocrx_word' id='word_1_562' title='bbox 1606 3233 1804 3290; x_wconf 88' lang='lat' dir='ltr'>raliter</span> <span class='ocrx_word' id='word_1_563' title='bbox 1849 3233 1929 3289; x_wconf 87' lang='lat' dir='ltr'>sic</span> <span class='ocrx_word' id='word_1_564' title='bbox 1960 3251 1974 3289; x_wconf 74' lang='grc' dir='ltr'>ε</span> <span class='ocrx_word' id='word_1_565' title='bbox 2005 3234 2153 3304; x_wconf 80' lang='lat' dir='ltr'>quod</span> <span class='ocrx_word' id='word_1_566' title='bbox 2185 3233 2404 3290; x_wconf 90' lang='lat' dir='ltr'>utinam</span> <span class='ocrx_word' id='word_1_567' title='bbox 2434 3234 2620 3292; x_wconf 86' lang='lat' dir='ltr'>omnis</span> <span class='ocrx_word' id='word_1_568' title='bbox 2650 3251 2779 3293; x_wconf 90' lang='lat' dir='ltr'>mu-</span> 
     </span>
     <span class='ocr_line' id='line_1_97' title="bbox 1608 3304 2777 3363; baseline 0.003 -3"><span class='ocrx_word' id='word_1_569' title='bbox 1608 3304 1714 3361; x_wconf 90' lang='lat' dir='ltr'>lier</span> <span class='ocrx_word' id='word_1_570' title='bbox 1749 3304 1829 3360; x_wconf 92' lang='lat' dir='ltr'>sic</span> <span class='ocrx_word' id='word_1_571' title='bbox 1866 3305 2105 3361; x_wconf 86' lang='lat' dir='ltr'>haberet</span> <span class='ocrx_word' id='word_1_572' title='bbox 2134 3305 2355 3361; x_wconf 90' lang='lat' dir='ltr'>vultum</span> <span class='ocrx_word' id='word_1_573' title='bbox 2394 3311 2451 3362; x_wconf 89' lang='lat' dir='ltr'>et</span> <span class='ocrx_word' id='word_1_574' title='bbox 2479 3306 2674 3363; x_wconf 91' lang='lat' dir='ltr'>oculos</span> <span class='ocrx_word' id='word_1_575' title='bbox 2704 3306 2777 3363; x_wconf 90' lang='lat' dir='ltr'>ad</span> 
     </span>
     <span class='ocr_line' id='line_1_98' title="bbox 1606 3376 2777 3450; baseline 0.003 -19"><span class='ocrx_word' id='word_1_576' title='bbox 1606 3381 1819 3432; x_wconf 90' lang='lat' dir='ltr'>terram</span> <span class='ocrx_word' id='word_1_577' title='bbox 1849 3376 2146 3445; x_wconf 85' lang='lat' dir='ltr'>demissos,</span> <span class='ocrx_word' id='word_1_578' title='bbox 2176 3377 2329 3447; x_wconf 89' lang='lat' dir='ltr'>quod</span> <span class='ocrx_word' id='word_1_579' title='bbox 2355 3377 2414 3433; x_wconf 90' lang='lat' dir='ltr'>in</span> <span class='ocrx_word' id='word_1_580' title='bbox 2441 3382 2777 3450; x_wconf 89' lang='lat' dir='ltr'>perpetuum</span> 
     </span>
     <span class='ocr_line' id='line_1_99' title="bbox 1607 3447 2780 3522; baseline 0.003 -20"><span class='ocrx_word' id='word_1_581' title='bbox 1607 3448 1896 3503; x_wconf 90' lang='lat' dir='ltr'>hominem</span> <span class='ocrx_word' id='word_1_582' title='bbox 1935 3464 2051 3503; x_wconf 90' lang='lat' dir='ltr'>non</span> <span class='ocrx_word' id='word_1_583' title='bbox 2086 3447 2418 3519; x_wconf 85' lang='lat' dir='ltr'>respiceret,</span> <span class='ocrx_word' id='word_1_584' title='bbox 2456 3451 2592 3520; x_wconf 90' lang='lat' dir='ltr'>quia</span> <span class='ocrx_word' id='word_1_585' title='bbox 2620 3465 2780 3522; x_wconf 89' lang='lat' dir='ltr'>aspe-</span> 
     </span>
     <span class='ocr_line' id='line_1_100' title="bbox 1607 3518 2612 3592; baseline 0.002 -19"><span class='ocrx_word' id='word_1_586' title='bbox 1607 3522 1730 3574; x_wconf 85' lang='lat' dir='ltr'>ctus</span> <span class='ocrx_word' id='word_1_587' title='bbox 1763 3520 1886 3590; x_wconf 86' lang='lat' dir='ltr'>ejus</span> <span class='ocrx_word' id='word_1_588' title='bbox 1913 3519 2079 3576; x_wconf 91' lang='lat' dir='ltr'>valde</span> <span class='ocrx_word' id='word_1_589' title='bbox 2108 3526 2194 3576; x_wconf 87' lang='lat' dir='ltr'>est</span> <span class='ocrx_word' id='word_1_590' title='bbox 2223 3518 2612 3592; x_wconf 80' lang='lat' dir='ltr'>periculosus!</span> 
     </span>
    </p>

    <p class='ocr_par' dir='ltr' id='par_1_12' title="bbox 1604 3591 2788 4444">
     <span class='ocr_line' id='line_1_101' title="bbox 1679 3591 2779 3661; baseline -0.001 -15"><span class='ocrx_word' id='word_1_591' title='bbox 1679 3612 1708 3661; x_wconf 88' lang='lat'>7</span> <span class='ocrx_word' id='word_1_592' title='bbox 1740 3591 1878 3646; x_wconf 78' lang='lat' dir='ltr'>VrrA</span> <span class='ocrx_word' id='word_1_593' title='bbox 1902 3609 2013 3647; x_wconf 72' lang='lat' dir='ltr'>Nou</span> <span class='ocrx_word' id='word_1_594' title='bbox 2063 3608 2143 3646; x_wconf 86' lang='lat' dir='ltr'>srr</span> <span class='ocrx_word' id='word_1_595' title='bbox 2191 3609 2451 3647; x_wconf 68' lang='lat' dir='ltr'>‘rannerus</span> <span class='ocrx_word' id='word_1_596' title='bbox 2497 3607 2667 3646; x_wconf 72' lang='lat' dir='ltr'>nanus</span> <span class='ocrx_word' id='word_1_597' title='bbox 2715 3607 2779 3645; x_wconf 76' lang='lat' dir='ltr'>nr</span> 
     </span>
     <span class='ocr_line' id='line_1_102' title="bbox 1607 3659 2785 3729; baseline 0.001 -13"><span class='ocrx_word' id='word_1_598' title='bbox 1607 3679 1851 3717; x_wconf 77' lang='lat' dir='ltr'><strong>PECCA‘HS</strong></span> <span class='ocrx_word' id='word_1_599' title='bbox 1882 3678 2184 3718; x_wconf 76' lang='lat' dir='ltr'>mpucATA.</span> <span class='ocrx_word' id='word_1_600' title='bbox 2213 3691 2281 3703; x_wconf 91' lang='lat'>—</span> <span class='ocrx_word' id='word_1_601' title='bbox 2326 3660 2428 3716; x_wconf 89' lang='lat' dir='ltr'>Hic</span> <span class='ocrx_word' id='word_1_602' title='bbox 2468 3659 2785 3729; x_wconf 86' lang='lat' dir='ltr'>erudimur,</span> 
     </span>
     <span class='ocr_line' id='line_1_103' title="bbox 1605 3730 2785 3813; baseline -0.002 -26"><span class='ocrx_word' id='word_1_603' title='bbox 1605 3749 1675 3787; x_wconf 93' lang='lat' dir='ltr'>ne</span> <span class='ocrx_word' id='word_1_604' title='bbox 1706 3731 1825 3788; x_wconf 85' lang='lat' dir='ltr'>vita</span> <span class='ocrx_word' id='word_1_605' title='bbox 1855 3739 2049 3788; x_wconf 90' lang='lat' dir='ltr'>nostra</span> <span class='ocrx_word' id='word_1_606' title='bbox 2080 3731 2152 3788; x_wconf 92' lang='lat' dir='ltr'>sit</span> <span class='ocrx_word' id='word_1_607' title='bbox 2190 3733 2433 3787; x_wconf 88' lang='lat' dir='ltr'>terrenis</span> <span class='ocrx_word' id='word_1_608' title='bbox 2472 3730 2785 3813; x_wconf 87' lang='lat' dir='ltr'>implicata,</span> 
     </span>
     <span class='ocr_line' id='line_1_104' title="bbox 1607 3800 2788 3858; baseline 0 0"><span class='ocrx_word' id='word_1_609' title='bbox 1607 3802 1752 3858; x_wconf 90' lang='lat' dir='ltr'>sicut</span> <span class='ocrx_word' id='word_1_610' title='bbox 1789 3803 1913 3858; x_wconf 84' lang='lat' dir='ltr'>haec</span> <span class='ocrx_word' id='word_1_611' title='bbox 1951 3802 2156 3858; x_wconf 85' lang='lat' dir='ltr'>mulier</span> <span class='ocrx_word' id='word_1_612' title='bbox 2188 3806 2358 3857; x_wconf 84' lang='lat' dir='ltr'>terrae</span> <span class='ocrx_word' id='word_1_613' title='bbox 2394 3805 2518 3858; x_wconf 88' lang='lat' dir='ltr'>erat</span> <span class='ocrx_word' id='word_1_614' title='bbox 2554 3800 2788 3858; x_wconf 79' lang='lat' dir='ltr'>inclina·</span> 
     </span>
     <span class='ocr_line' id='line_1_105' title="bbox 1606 3871 2784 3943; baseline -0.001 -14"><span class='ocrx_word' id='word_1_615' title='bbox 1606 3881 1682 3929; x_wconf 90' lang='lat' dir='ltr'>ta.</span> <span class='ocrx_word' id='word_1_616' title='bbox 1718 3872 1880 3941; x_wconf 86' lang='lat' dir='ltr'>Quia,</span> <span class='ocrx_word' id='word_1_617' title='bbox 1910 3877 1973 3928; x_wconf 90' lang='lat' dir='ltr'>ut</span> <span class='ocrx_word' id='word_1_618' title='bbox 2003 3871 2140 3928; x_wconf 86' lang='lat' dir='ltr'>dicit</span> <span class='ocrx_word' id='word_1_619' title='bbox 2166 3871 2543 3940; x_wconf 76' lang='lat' dir='ltr'>Auqustinus,</span> <span class='ocrx_word' id='word_1_620' title='bbox 2570 3878 2784 3943; x_wconf 86' lang='lat' dir='ltr'>quanto</span> 
     </span>
     <span class='ocr_line' id='line_1_106' title="bbox 1607 3941 2783 4015; baseline -0.002 -15"><span class='ocrx_word' id='word_1_621' title='bbox 1607 3943 1787 4014; x_wconf 88' lang='lat' dir='ltr'>magis</span> <span class='ocrx_word' id='word_1_622' title='bbox 1826 3942 2065 4014; x_wconf 87' lang='lat' dir='ltr'>quisque</span> <span class='ocrx_word' id='word_1_623' title='bbox 2114 3941 2358 3997; x_wconf 89' lang='lat' dir='ltr'>terrenis</span> <span class='ocrx_word' id='word_1_624' title='bbox 2390 3942 2783 4015; x_wconf 85' lang='lat' dir='ltr'>occupationi·</span> 
     </span>
     <span class='ocr_line' id='line_1_107' title="bbox 1605 4013 2784 4086; baseline -0.003 -14"><span class='ocrx_word' id='word_1_625' title='bbox 1605 4015 1716 4072; x_wconf 88' lang='lat' dir='ltr'>bus</span> <span class='ocrx_word' id='word_1_626' title='bbox 1773 4013 2118 4086; x_wconf 88' lang='lat' dir='ltr'>implicatur,</span> <span class='ocrx_word' id='word_1_627' title='bbox 2158 4015 2317 4067; x_wconf 90' lang='lat' dir='ltr'>tanto</span> <span class='ocrx_word' id='word_1_628' title='bbox 2376 4018 2559 4084; x_wconf 85' lang='lat' dir='ltr'>magis</span> <span class='ocrx_word' id='word_1_629' title='bbox 2614 4031 2648 4069; x_wconf 88' lang='lat' dir='ltr'>a</span> <span class='ocrx_word' id='word_1_630' title='bbox 2698 4014 2784 4069; x_wconf 87' lang='lat' dir='ltr'>sui</span> 
     </span>
     <span class='ocr_line' id='line_1_108' title="bbox 1609 4083 2786 4154; baseline -0.002 -12"><span class='ocrx_word' id='word_1_631' title='bbox 1609 4084 1934 4142; x_wconf 80' lang='lat' dir='ltr'>Conditoris</span> <span class='ocrx_word' id='word_1_632' title='bbox 1961 4083 2182 4139; x_wconf 89' lang='lat' dir='ltr'>visione</span> <span class='ocrx_word' id='word_1_633' title='bbox 2207 4083 2576 4154; x_wconf 77' lang='lat' dir='ltr'>praepeditur.</span> <span class='ocrx_word' id='word_1_634' title='bbox 2608 4087 2697 4153; x_wconf 85' lang='lat' dir='ltr'>Et,</span> <span class='ocrx_word' id='word_1_635' title='bbox 2725 4089 2786 4141; x_wconf 88' lang='lat' dir='ltr'>ut</span> 
     </span>
     <span class='ocr_line' id='line_1_109' title="bbox 1605 4154 2785 4226; baseline 0 -14"><span class='ocrx_word' id='word_1_636' title='bbox 1605 4156 1744 4212; x_wconf 91' lang='lat' dir='ltr'>dicit</span> <span class='ocrx_word' id='word_1_637' title='bbox 1777 4157 2092 4225; x_wconf 76' lang='lat' dir='ltr'>Greqorius,</span> <span class='ocrx_word' id='word_1_638' title='bbox 2130 4154 2538 4226; x_wconf 87' lang='lat' dir='ltr'>concupiscens</span> <span class='ocrx_word' id='word_1_639' title='bbox 2585 4154 2785 4212; x_wconf 89' lang='lat' dir='ltr'>visibi-</span> 
     </span>
     <span class='ocr_line' id='line_1_110' title="bbox 1605 4224 2786 4296; baseline -0.001 -12"><span class='ocrx_word' id='word_1_640' title='bbox 1605 4227 1704 4296; x_wconf 88' lang='lat' dir='ltr'>lia,</span> <span class='ocrx_word' id='word_1_641' title='bbox 1747 4225 2062 4284; x_wconf 89' lang='lat' dir='ltr'>invisibiles</span> <span class='ocrx_word' id='word_1_642' title='bbox 2120 4224 2356 4282; x_wconf 88' lang='lat' dir='ltr'>virtutes</span> <span class='ocrx_word' id='word_1_643' title='bbox 2407 4225 2638 4283; x_wconf 87' lang='lat' dir='ltr'>amittit.</span> <span class='ocrx_word' id='word_1_644' title='bbox 2686 4226 2786 4284; x_wconf 90' lang='lat' dir='ltr'>Ille</span> 
     </span>
     <span class='ocr_line' id='line_1_111' title="bbox 1607 4297 2788 4374; baseline 0 -19"><span class='ocrx_word' id='word_1_645' title='bbox 1607 4297 1815 4372; x_wconf 89' lang='lat' dir='ltr'>quippe</span> <span class='ocrx_word' id='word_1_646' title='bbox 1848 4301 2020 4356; x_wconf 89' lang='lat' dir='ltr'>homo</span> <span class='ocrx_word' id='word_1_647' title='bbox 2052 4313 2262 4374; x_wconf 86' lang='lat' dir='ltr'>curvus</span> <span class='ocrx_word' id='word_1_648' title='bbox 2288 4300 2395 4367; x_wconf 88' lang='lat' dir='ltr'>est,</span> <span class='ocrx_word' id='word_1_649' title='bbox 2421 4299 2517 4369; x_wconf 82' lang='lat' dir='ltr'>qui</span> <span class='ocrx_word' id='word_1_650' title='bbox 2549 4297 2788 4355; x_wconf 89' lang='lat' dir='ltr'>inclina-</span> 
     </span>
     <span class='ocr_line' id='line_1_112' title="bbox 1604 4369 2783 4444; baseline 0 -17"><span class='ocrx_word' id='word_1_651' title='bbox 1604 4375 1699 4428; x_wconf 87' lang='lat' dir='ltr'>tus</span> <span class='ocrx_word' id='word_1_652' title='bbox 1728 4372 1798 4428; x_wconf 86' lang='lat' dir='ltr'>ad</span> <span class='ocrx_word' id='word_1_653' title='bbox 1831 4371 2075 4444; x_wconf 86' lang='lat' dir='ltr'>culpam,</span> <span class='ocrx_word' id='word_1_654' title='bbox 2098 4384 2324 4427; x_wconf 89' lang='lat' dir='ltr'>sursum</span> <span class='ocrx_word' id='word_1_655' title='bbox 2351 4369 2636 4442; x_wconf 82' lang='lat' dir='ltr'>respicere</span> <span class='ocrx_word' id='word_1_656' title='bbox 2666 4386 2783 4427; x_wconf 91' lang='lat' dir='ltr'>non</span> 
     </span>
    </p>
   </div>
   <div class='ocr_carea' id='block_1_9' title="bbox 2599 4467 2655 4519">
    <p class='ocr_par' dir='ltr' id='par_1_13' title="bbox 2599 4467 2655 4519">
     <span class='ocr_line' id='line_1_113' title="bbox 2599 4467 2655 4519; baseline 0.018 -1"><span class='ocrx_word' id='word_1_657' title='bbox 2599 4467 2655 4519; x_wconf 84' lang='grc' dir='ltr'>ΓΙ</span> 
     </span>
    </p>
   </div>
  </div>
 </body>
</html>
