3146 5023
1190 794 1826 907 VITAE

1284 1107 1497 1155 Doml
1524 1106 1741 1156 Nostin

364 1272 1137 1529 JESU
1341 1350 2606 1527 CHRISTI

1024 1806 1379 1895 PARS
1473 1806 1977 1894 PRIMA.

1238 2074 1515 2148 CAPUT
1564 2074 1776 2147 XLIV

807 2289 897 2337 nt
937 2289 1466 2339 susclrarlonn
1503 2292 1686 2338 FILII
1726 2291 1962 2340 VIDUAE
2000 2291 2207 2338 nant.

1261 2459 1425 2518 Lucae
1462 2474 1588 2535 cap.
1628 2460 1749 2520 vn.

333 2655 359 2689 ι
388 2632 786 2688 Πιειιιιισοιιιιιιι
812 2630 1013 2687 Dolum
1046 2645 1231 2688 rmun
1265 2648 1441 2688 vmun

254 2719 620 2763 sesmmm.
653 2733 722 2744 -
745 2704 840 2772 Et,
859 2701 1114 2772 deinceps
1138 2702 1259 2758 ibat
1284 2704 1443 2759 Joeus

252 2781 313 2833 d
348 2791 474 2831 cum
512 2790 572 2830 eo
610 2774 879 2844 discipuli
912 2773 1032 2844 ejus
1064 2777 1119 2829 et
1156 2773 1321 2830 turba
1356 2790 1442 2830 co·

254 2849 449 2920 pion,
477 2861 605 2916 quae
633 2860 765 2901 eum
790 2845 1154 2916 sequebatur,
1185 2846 1438 2902 novitate

260 2932 529 2998 operum,
579 2917 853 2973 suavitate
899 2915 1198 2982 doctrinae
1263 2922 1323 2972 et
1373 2932 1443 2974 ex

259 2987 586 3045 sanctitatis
622 2989 670 3058 ej
677 3004 742 3044 us
776 2986 1099 3054 devotione,
1135 2990 1197 3043 in
1235 2990 1438 3043 civita-

261 3063 376 3116 tem
404 3005 670 3127 Galiiaeae,
705 3073 828 3129 quae
861 3062 1089 3114 vocatur
1111 3060 1300 3117 Naim.
1336 3056 1441 3118 Se-

262 3129 453 3186 cundo
478 3130 747 3186 milliario
779 3145 816 3185 a
852 3135 1047 3186 monte
1087 3130 1316 3186 Thabor
1351 3134 1443 3186 est

262 3199 466 3257 civitas
507 3199 692 3268 Naim,
736 3205 797 3257 et
842 3214 1014 3271 supra
1063 3201 1228 3257 Naim
1278 3216 1443 3257 mons

261 3272 481 3340 Endor,
509 3273 580 3328 ad
611 3272 770 3344 cujus
786 3271 1038 3330 radicem
1062 3273 1191 3329 fluit
1214 3277 1440 3329 torrens

260 3342 471 3470 111ζειοιι.
525 3343 671 3399 Ante
707 3344 879 3415 huJus
915 3344 1158 3400 civitatis
1195 3350 1439 3414 portam,

421 3419 546 3470 erat
603 3416 790 3486 major
849 3430 1157 3471 concursus
1220 3415 1439 3486 populi,

260 3483 516 3541 obviavit
556 3485 826 3542 Dominus
872 3486 1222 3543 multitudini
1251 3486 1439 3542 homi-

258 3570 403 3612 unm
429 3554 808 3626 efferentium,
836 3556 896 3613 id
915 3562 1000 3613 est
1020 3563 1180 3614 extra
1203 3563 1441 3639 portan-

258 3625 426 3695 tium,
442 3626 771 3685 defunctum
790 3599 972 3684 filium
987 3641 1218 3685 unicum
1227 3629 1437 3699 viduae,

262 3697 339 3752 ad
362 3697 789 3770 sepeliendum=
819 3700 953 3770 quia
973 3701 1289 3782 antiquitus
1313 3700 1441 3757 ioca

254 3765 562 3849 sepulturas
588 3776 753 3826 erant
778 3775 937 3828 extra
964 3770 1219 3829 civitates
1244 3776 1305 3827 et
1330 3773 1439 3827 ho-

256 3854 480 3896 minum
514 3841 917 3912 habitatione&
948 3857 1022 3899 ne
1060 3842 1432 3900 cadaveribus

251 3907 592 3968 inficerentu
701 3927 805 3969 oca
850 3886 917 3970 et’
961 3913 1243 3971 homines.
1304 3912 1429 3972 Hoc

251 3986 450 4038 autem
485 3982 568 4039 sic
626 3989 816 4040 actum
855 3989 961 4055 est,
1009 3991 1075 4042 ut
1115 3985 1437 4042 evidentius

253 4057 408 4109 oeset
456 4055 800 4111 miraculum
846 4070 1042 4113 coram
1104 4056 1294 4113 multis
1350 4056 1436 4113 fa-

253 4128 437 4195 ctum,
497 4130 556 4181 et
605 4127 771 4183 multi
827 4132 1016 4184 essent
1062 4133 1232 4185 testes
1290 4128 1438 4184 tanti

1551 2629 1788 2688 solando
1824 2627 2054 2686 viduam
2081 2633 2140 2686 et
2170 2628 2430 2687 orbatam
2459 2636 2736 2702 matrem,

1552 2706 1888 2760 meruerunt
1903 2701 2099 2787 ‚ipsum
2124 2700 2326 2758 videre.
2363 2703 2732 2762 miraculum.

1549 2774 1659 2831 Ubi
1684 2773 1824 2842 (ἔνθα
1829 2774 1980 2829 orius
2004 2775 2306 2843 Nyssenus,
2318 2789 2592 2832 aerumnae
2613 2788 2735 2832 mo-

1550 2844 1690 2913 lem,
1733 2844 1997 2901 brevibus
2044 2843 2234 2900 verbis
2273 2843 2356 2900 sic
2400 2845 2727 2916 explicuit.

1555 2934 1588 2969 α
1626 2916 1805 2971 Mater
1830 2914 2004 2970 vidua
2031 2921 2177 2982 erat,
2220 2929 2349 2983 quae
2395 2931 2513 2971 non
2539 2929 2734 2984 spera-

1518 2987 1654 3043 >hat
1703 2985 1938 3041 ulterius
1993 2984 2141 3040 filios
2197 2999 2549 3064 procreare;
2613 2999 2733 3042 non

1550 3055 1801 3113 habebat
1831 3055 1893 3110 in
1924 3069 2096 3124 quem
2134 3051 2410 3134 dirigeret
2436 3059 2733 3122 aspectum

1549 3129 1676 3184 vice
1702 3125 1977 3196 defuncti,
2008 3126 2145 3198 quia
2177 3138 2378 3180 unicus
2406 3130 2551 3196 erat,
2582 3125 2742 3184 hunc

1549 3199 1735 3257 solum
1794 3197 2123 3281 lactaverat..
2180 3197 2285 3253 Hic
2328 3197 2483 3254 solus
2535 3198 2740 3257 aderat

1550 3267 1863 3329 alacritatis
1896 3285 2066 3327 causa
2099 3267 2161 3327 in
2210 3267 2400 3340 dome,
2453 3267 2734 3352 quidquid

1551 3343 1722 3399 matri
1777 3341 1942 3399 dulce
1970 3357 2037 3399 ac
2070 3312 2405 3412 pretiosum:
2454 3339 2548 3398 hic
2581 3341 2738 3401 solus

1549 3414 1926 3471 exstiterat.»
1985 3414 2147 3472 Unde
2175 3419 2234 3471 et
2260 3414 2389 3484 Gyri
2378 3384 2545 3471 ilice.
2578 3432 2609 3469 (ι
2637 3415 2742 3473 Mi—

1549 3486 1796 3543 seranda
1825 3487 2038 3557 passio,
2071 3492 2152 3543 et
2201 3485 2276 3550 ad
2313 3486 2509 3542 fletum
2542 3493 2601 3543 et
2657 3487 2733 3544 ad

1548 3557 1829 3630 lacrymas
1853 3564 2054 3629 potens
2082 3572 2392 3642 provocare
2424 3562 2439 3615 1
2492 3575 2522 3611 »
2552 3558 2738 3626 Quam

1549 3645 1674 3686 eum
1695 3629 1930 3686 vidisset
1967 3629 2231 3688 Dominus
2275 3631 2359 3686 sic
2404 3629 2632 3684 tristem
2667 3633 2734 3684 et

1547 3701 1858 3772 afflictam,
1887 3703 2272 3760 misericordia
2290 3706 2348 3757 et
2377 3702 2589 3772 pietate
2617 3713 2733 3755 mo·

1547 3777 1660 3843 tus,
1677 3774 1991 3830 secundum
2016 3775 2172 3845 quod
2188 3775 2359 3828 homo
2380 3785 2549 3852 super
2575 3785 2740 3826 eam:

1546 3850 1671 3901 tum
1702 3843 1837 3915 quia
1863 3842 2037 3899 vidua
2066 3850 2210 3910 erat,
2264 3848 2386 3898 tum
2437 3842 2573 3912 quia
2610 3856 2730 3897 non

1544 3914 1801 3971 habebat
1829 3914 2005 3969 alium
2026 3913 2230 3980 filium,
2260 3929 2297 3968 a
2321 3928 2432 3983 quo
2470 3914 2531 3968 in
2558 3926 2731 3969 serie·-v

1546 3991 1701 4042 ctute
1729 3985 2037 4040 sustentari
2064 3987 2256 4055 posset
2278 3999 2451 4066 quam
2479 3983 2594 4039 ab'
2579 3999 2728 4066 ipso,

1544 4057 1701 4112 dixit
1727 4055 1843 4124 ilci,
1870 4054 2048 4111 verbo
2068 4053 2449 4111 consolatorio
2472 4060 2531 4110 et
2554 4055 2734 4114 dulci:

1542 4128 1677 4187 Noli
1722 4128 1870 4197 flere.
1913 4123 2084 4195 Quasi
2119 4127 2384 4183 diceret.
2429 4126 2554 4184 Cito
2584 4143 2727 4186 con-

252 4168 543 4253 miraculi.
573 4196 644 4252 Et
677 4198 814 4269 quia
844 4199 1125 4258 vacabant
1148 4200 1225 4257 ad
1252 4200 1434 4270 pieta-
1534 4198 1726 4258 solata
1772 4198 1910 4272 eris,
1963 4197 2173 4256 desiste
2209 4197 2386 4281 quasi
2438 4205 2760 4259 mortuum.

253 4265 332 4323 tn
384 4281 528 4338 opus
575 4269 970 4343 prosequende
996 4269 1187 4343 funus,
1213 4277 1275 4329 et
1304 4285 1439 4328 con-

382 4361 523 4415 Vrts
538 4362 673 4418 Jnsu
691 4365 931 4430 Gnmsrx,
952 4367 1138 4421 Touus
1158 4367 1230 4420 11.

1542 4270 1683 4329 flere
1731 4285 1904 4344 quem
1960 4285 2094 4330 mox
2168 4269 2363 4329 vivum
2427 4285 2738 4347 resurgere

2482 4374 2504 4419 1
