3146 5023
288 952 301 963 ἡ
394 892 554 956 nato,
609 889 667 941 et
726 886 935 942 Lazaro
976 900 993 955 ;

370 354 433 412 ²4
768 300 775 313 ⁸
925 328 935 343 ⁴
1060 353 1285 406 raum:
1340 352 1582 407 rinus
1634 352 1850 405 clrnr
1904 355 2150 408 xtv111.

376 461 602 528 merita,
637 475 739 530 per
787 458 1141 529 patientiam,
1202 462 1544 537 augeantur,

306 562 307 565 κ
377 538 441 588 ut
494 531 600 588 Job
652 530 859 586 accidit
889 545 906 597 ;
942 528 1071 594 vel„
1105 528 1177 584 ad
1235 527 1547 584 custodiam

381 603 676 670 virtutum,
742 616 815 656 ne
890 599 1159 670 superbia
1215 603 1418 663 tentet,
1488 603 1550 652 ut

376 674 578 742 Paulo;
617 670 726 740 vel,
757 671 831 727 ad
860 669 1260 741 corrigendum
1288 674 1547 751 peccata,

379 751 446 802 ut
473 743 665 801 Mariae
707 743 888 813 lepra,
927 748 985 798 et
1017 740 1163 799 sicut
1205 742 1335 796 hu1c
1384 755 1548 811 para-

382 815 554 889 lytico
586 835 601 886 ;
626 814 738 882 vel,
784 813 857 868 ad
891 813 1131 886 gloriam
1159 813 1283 881 Dei,
1310 817 1373 866 ut
1400 826 1549 893 caeco

1055 885 1164 953 vel,
1195 884 1268 940 ad
1325 883 1552 962 initlum

386 973 592 1029 poenae‚
643 961 706 1012 ut
734 955 964 1024 Herodi,
999 961 1282 1027 quatenus
1333 954 1427 1010 hic
1475 969 1554 1033 vi-

386 1029 588 1084 deatur
624 1028 760 1098 quid
787 1029 846 1084 in
879 1026 1100 1083 inferno
1128 1031 1416 1098 sequatur.
1450 1025 1552 1079 Hic

386 1114 547 1171 ergo,
579 1100 890 1157 secundum
919 1101 1331 1169 Hieronymum,
1387 1096 1553 1175 datu-r

389 1170 630 1243 intelligi
667 1171 968 1242 plerasque
1019 1183 1320 1242 corporum
1359 1165 1554 1223 deb111-

390 1244 537 1296 tates
591 1241 818 1299 evenire
879 1249 1109 1315 propter
1170 1245 1422 1323 peccata.
1484 1238 1553 1290 Et

392 1311 520 1366 ideo
579 1315 734 1383 prius
783 1320 1016 1384 peccata
1051 1313 1436 1394 dimittuntur,
1490 1310 1554 1362 ut

394 1381 581 1439 causis
606 1383 911 1442 debilitatis
936 1384 1160 1454 ablatiS,
1188 1389 1403 1439 sanitas
1460 1394 1552 1434 re-

389 1454 679 1523 stituatur,
721 1461 778 1510 et
826 1453 891 1511 fit
919 1454 1141 1513 visibile
1193 1455 1438 1527 signum,
1493 1455 1554 1504 ut

378 1522 661 1581 invisibile
714 1527 1003 1596 probetur.
1063 1526 1222 1583 Unde
1266 1531 1322 1580 et
1352 1523 1502 1579 Beda
1532 1541 1550 1576 ε

383 1615 408 1646 ι
441 1595 752 1653 curaturus
780 1602 971 1653 autem
1000 1597 1288 1654 hominem
1330 1611 1367 1651 a
1395 1609 1557 1674 para-

376 1666 484 1739 lysi
512 1668 781 1724 Dominus
811 1669 994 1738 primo
1027 1672 1386 1739 peccatorum
1426 1680 1553 1719 vm-

386 1737 513 1793 cula
540 1739 813 1808 dissolvit,
852 1745 916 1793 ut
944 1740 1268 1795 ostenderet
1294 1751 1445 1816 eum,
1480 1733 1552 1791 ob

379 1824 561 1864 nexus
619 1809 914 1879 culparum
938 1853 953 1878 ,
1016 1816 1245 1864 artuum
1323 1805 1555 1886 dissolu3

390 1879 545 1934 tione
597 1879 768 1934 fuisse
819 1879 1192 1949 damnatum;
1254 1893 1382 1947 nec,
1446 1892 1554 1931 nisi

387 1948 479 2005 his
530 1949 813 2017 relaxatis,
851 1950 1236 2006 membrorum
1278 1963 1435 2019 posse
1467 1962 1555 2002 re-

388 2021 753 2090 cuperatione
776 2022 987 2077 sanari.
1023 2022 1154 2091 Sed,
1201 2021 1312 2076 heu
1347 2020 1360 2075 l
1394 2034 1498 2074 nos
1521 2033 1551 2072 e

385 2105 658 2148 converso
697 2094 876 2173 magis
922 2092 1230 2162 satagimus
1283 2091 1352 2147 de
1386 2104 1551 2170 cura-

385 2160 542 2218 tione
594 2179 866 2234 corporis,
926 2179 1098 2235 quam
1152 2163 1378 2232 animae,
1426 2160 1553 2215 ideo

381 2247 531 2314 saepe
564 2234 923 2290 destituimur
957 2234 1280 2305 utrobique.
1316 2254 1345 2283 »
1397 2230 1554 2310 Und‘?

390 2308 564 2360 etiam
599 2306 1046 2374 chrysostomus:
1075 2308 1235 2361 «Nos
1271 2308 1483 2370 autem,
1508 2316 1557 2355 si

388 2377 759 2445 corporaliter
787 2378 1089 2447 patiamur,
1121 2375 1432 2446 satagimus
1460 2387 1558 2452 no-

388 2445 577 2500 civum
606 2446 855 2517 adjicere
894 2464 911 2517 ;
966 2461 1096 2503 cum
1127 2462 1261 2503 vero
1309 2444 1456 2500 male
1486 2447 1559 2498 sit

390 2518 616 2586 animae,
648 2517 977 2588 differimuS‚
1008 2523 1177 2589 atque
1214 2519 1340 2574 ideo
1393 2525 1498 2596 nec
1524 2529 1560 2569 a

389 2590 643 2658 corporis
671 2589 886 2645 novicis
929 2605 1212 2646 curamur.
1244 2586 1558 2645 Abscmda-

392 2674 517 2715 mus
551 2675 687 2731 ergo
725 2661 939 2717 sontem
964 2661 1266 2731 malorum,
1306 2665 1363 2714 et
1387 2672 1561 2713 cessa-

392 2728 546 2786 bunt
610 2732 1013 2802 aegritudinum
1066 2732 1252 2787 fluxus
1299 2747 1377 2786 1»
1439 2728 1562 2782 haec

384 2800 813 2871 chrysostomus,
838 2802 1145 2874 Ergo,quia
1168 2806 1391 2859 constat
1409 2797 1561 2870 quod

386 2880 620 2998 Bropter
637 2878 867 2944 peccata
897 2872 1202 2931 commissa
1219 2872 1559 2951 quandoque

432 2958 561 3000 omo
587 2950 847 3025 aegrotat,
885 2946 1138 3002 medicus
1183 2958 1399 3025 aegrum
1425 2956 1562 2996 vls1·

393 3018 540 3085 tans,
581 3031 764 3086 primo
814 3034 943 3073 eum
973 3017 1046 3072 ad
1084 3018 1473 3087 poenitentlam
1507 3016 1565 3066 et

398 3087 808 3144 consessionem
886 3104 1119 3145 monere
1180 3087 1349 3144 debet
1410 3101 1425 3153 ;
1490 3097 1564 3164 ne

400 3164 657 3227 peccato,
686 3165 977 3230 tamquam
1007 3159 1178 3227 terro,
1209 3160 1475 3214 manente
1504 3168 1565 3209 1n

399 3226 659 3297 vulnere,
711 3228 921 3285 frustra
966 3229 1039 3283 sit
1070 3228 1434 3308 emplastrum
1470 3241 1568 3305 apf

403 3311 635 3368 ponere.
688 3299 847 3354 Unde
904 3303 1140 3369 peccant
1185 3298 1410 3367 mediol,
1467 3311 1567 3376 qui

396 3381 592 3423 curam
621 3369 971 3425 materialem
1017 3367 1293 3424 adhibent
1320 3381 1566 3449 corpori,

438 3436 557 3493 rius
591 3454 762 3509 quam
796 3439 936 3495 cura
959 3440 1266 3509 spiritualis
1303 3444 1376 3493 slt
1402 3438 1569 3493 adhl-

396 3452 521 3565 Ena
546 3512 770 3580 animae,
801 3511 1127 3583 ignorantes
1158 3524 1384 3566 causam
1409 3524 1566 3589 mor-

398 3577 482 3649 bi,
506 3580 770 3637 videlicet
794 3583 945 3654 quod
965 3596 1066 3652 pro
1089 3587 1319 3653 peccato
1337 3594 1566 3649 ammae,

389 3648 639 3708 inflictus
672 3652 745 3708 sit
773 3654 1017 3723 corpori.

364 3775 371 3780 .
474 3727 506 3779 5
563 3726 904 3781 Amcomcss
963 3740 1156 3780 rorum
1203 3722 1450 3780 Gan-rum
1497 3738 1572 3779 Ρι-

406 3809 593 3851 cum
644 3812 883 3852 eamn
931 3813 1019 3851 mc
1073 3812 1450 3852 namucus·
1499 3824 1568 3835 —

403 3866 535 3936 Sed,
570 3869 702 3938 quia
741 3870 863 3924 haec
891 3869 1013 3938 ipsa
1049 3866 1275 3923 Domini
1296 3871 1472 3939 gesta,
1505 3873 1570 3947 ut

410 3936 546 3993 dicit
605 3940 1037 4010 chrysostomus,
1075 3937 1454 4009 spiritualium
1487 3951 1568 4018 ‘m

405 4022 466 4064 se
495 4025 688 4066 rerum
726 4012 1020 4067 continent
1060 4010 1360 4078 rationem,
1411 4025 1477 4065 cu
1503 4024 1571 4063 us

408 4082 602 4150 typum
643 4082 982 4155 paralyticus
1009 4080 1111 4137 iste
1163 4086 1345 4153 gerat,
1404 4080 1473 4135 de
1515 4095 1569 4160 e·

404 4162 533 4205 mus
568 4154 883 4210 advertere.
918 4153 1184 4225 figuram
1231 4167 1477 4223 namque
1511 4165 1571 4204 m

408 4233 478 4274 eo
548 4225 739 4293 populi
796 4223 1122 4304 Gentilium·
1156 4230 1571 4303 'praeostensam

399 4303 516 4348 esse
568 4297 979 4366 cognoscimus,
1029 4309 1127 4365 qul
1168 4299 1414 4366 peccatis
1443 4307 1567 4364 gra·

1657 457 1816 512 vibus
1844 457 2035 515 animo
2058 459 2381 526 dissolutus,
2402 463 2564 533 quasi
2583 463 2836 535 quadam

1662 527 1960 583 insanabili
2026 528 2359 587 infirmitate
2427 534 2712 606 plagatus,
2776 536 2837 592 in

1662 604 1907 668 quatuor
1954 601 2179 671 angulis
2214 603 2411 658 mundi
2444 605 2629 674 istius,
2679 607 2839 664 velut

1664 668 1723 724 in
1749 668 1897 725 lecto
1925 671 2173 741 jacebat.
2201 673 2359 730 Unde
2393 681 2450 731 et
2477 676 2535 730 in
2576 693 2644 732 eo
2675 693 2840 748 para·

1661 739 1832 812 lytico
1881 743 2192 813 Evangelii,
2247 745 2338 799 cui
2407 748 2646 803 remissa
2701 751 2841 804 sunt

1701 816 1916 881 eccata,
1941 813 1996 868 id
2026 819 2315 870 ostensum
2347 822 2451 886 est,
2485 818 2619 889 quia
2651 834 2835 891 popu-

1687 897 1750 937 us
1805 882 2134 951 Gentilium,
2190 886 2288 956 qui
2319 887 2478 957 gravi
2511 889 2838 946 valetudine

1667 958 2028 1024 peccatorum
2079 954 2397 1029 laborabat,
2429 959 2565 1015 data
2592 961 2701 1016 sibi
2746 976 2837 1018 re-

1665 1023 1953 1095 missione,
2012 1041 2113 1097 per
2159 1027 2500 1085 medicinam
2547 1031 2838 1087 coelestem

1666 1095 1949 1167 integram
2010 1102 2068 1153 et
2128 1097 2437 1169 perfectam
2505 1101 2833 1169 sanitatem,

1663 1167 1974 1222 secundum
2006 1183 2207 1238 corpus
2228 1173 2286 1224 et
2305 1172 2575 1240 animam,
2602 1178 2836 1229 aeternae

1664 1236 1861 1292 salutis
1908 1239 2210 1308 acceperit.
2245 1239 2347 1297 Cui
2375 1257 2490 1297 non
2524 1244 2833 1314 immerito,

1666 1314 1790 1377 post
1840 1308 2231 1365 remissionem
2284 1318 2664 1382 peccatorum,
2711 1314 2839 1370 red-

1667 1377 1784 1433 dita
1830 1378 2031 1449 salute,
2060 1380 2179 1450 jam
2228 1381 2469 1452 diciturJ:
2527 1386 2703 1450 Vade,
2746 1385 2839 1440 vel

1667 1449 1790 1504 redi
1813 1450 1871 1504 in
1890 1450 2123 1527 domum
2143 1456 2319 1518 tuam,
2335 1453 2393 1509 id
2417 1460 2500 1509 est
2522 1454 2583 1510 in
2604 1456 2838 1511 domum

1669 1519 1942 1585 Paradisi,
1992 1521 2061 1576 de
2091 1537 2203 1592 qua
2246 1523 2425 1579 Adam
2454 1525 2575 1595 jam
2619 1528 2840 1583 dudum

1669 1591 1934 1661 expulsus
1955 1591 2142 1647 suerat
2168 1609 2187 1661 3
2215 1594 2309 1664 qui
2347 1595 2515 1665 hujus
2544 1595 2842 1654 infirmita-

1668 1663 1740 1715 tis
1765 1668 1964 1717 auctor
1990 1662 2377 1719 exstiterat.Et
2415 1668 2616 1723 merito
2647 1670 2840 1739 sequi-

1669 1736 1803 1786 tur:
1863 1734 1979 1788 Hoc
2011 1735 2260 1790 videntes
2303 1737 2477 1792 turbae
2514 1741 2839 1808 timuerunt,

1669 1808 1722 1858 et
1737 1803 2202 1874 glorificaverunt
2215 1821 2314 1861 seu
2327 1808 2846 1879 magnificaverunt

1666 1877 1857 1943 Deum,
1909 1878 2009 1944 qui
2063 1881 2277 1931 tantam
2322 1883 2644 1948 potestatem
2686 1882 2845 1939 dedit

1668 1946 1998 2001 hominibus.
2047 1946 2441 2018 Magnificatur
2480 1951 2634 2007 enim
2690 1953 2843 2008 Deus

1669 2017 1767 2086 qui
1800 2016 1885 2071 vel
1925 2018 2205 2088 Apostolis
2229 2020 2343 2075 suis
2383 2026 2722 2090 potestatem
2762 2024 2844 2079 di-

1670 2085 1932 2143 mittendi
1965 2096 2197 2159 peccata
2230 2089 2480 2160 donavit,
2525 2095 2612 2148 vel
2651 2095 2843 2152 homi-

1670 2157 1839 2213 nibus
1884 2164 2102 2215 tantam
2151 2162 2396 2233 gratiam
2441 2167 2745 2229 concessit,
2783 2172 2846 2223 ut

1671 2233 1800 2298 post
1868 2230 2265 2288 remissionem
2319 2239 2680 2302 peccatorum
2742 2253 2845 2308 per

1670 2299 1937 2355 meritum
1974 2301 2108 2357 fidei
2154 2308 2324 2375 atque
2374 2304 2621 2377 ‘ustitiae,
2676 2313 2843 2381 pote·

1670 2375 1880 2443 statem
1909 2371 2192 2443 accipiant
2240 2374 2312 2430 ad
2342 2320 2675 2434 flaradisum
2708 2380 2844 2436 red-

1673 2440 1863 2498 eundi.
1893 2444 1996 2500 Ubi
2035 2443 2116 2499 ait
2141 2446 2394 2500 Hilarius
2452 2465 2469 2501 ε
2506 2467 2535 2500 «
2582 2452 2846 2507 Videntes

1672 2517 1855 2569 autem
1884 2516 2056 2571 turbae
2104 2520 2443 2586 timuerunt3
2473 2523 2663 2593 magni
2691 2524 2847 2579 enim

1674 2585 1894 2643 timoris
1918 2602 2008 2642 res
2035 2596 2121 2644 est
2156 2604 2269 2644 non
2316 2589 2559 2647 dimissis
2598 2593 2847 2663 peccatis

1676 2676 1712 2716 a
1755 2657 2001 2729 Christo,
2027 2658 2089 2713 in
2134 2666 2376 2714 mortem
2426 2663 2669 2719 resolvi:
2708 2666 2849 2736 quia

1677 2730 1868 2789 nullus
1897 2735 1982 2795 est
2025 2728 2084 2783 in
2113 2729 2349 2786 domum
2386 2737 2663 2790 aeternam
2692 2737 2847 2792 redi-

1677 2811 1791 2872 ωε,
1822 2800 1870 2857 si
1903 2800 1993 2854 cui
2045 2800 2266 2857 indulta
2313 2817 2427 2858 non
2468 2802 2639 2860 fuerit
2679 2807 2850 2863 venia

1679 2875 2061 2941 delictorum;
2098 2878 2352 2928 cessante
2386 2878 2579 2930 autem
2621 2877 2849 2947 timore,

1678 2947 1864 3002 honor
1901 2943 2017 2997 Deo
2077 2943 2355 3013 redditur,
2414 2944 2546 3015 quia
2602 2952 2850 3017 potestas

1677 3014 2002 3073 hominibus
2029 3013 2137 3069 hac
2164 3014 2278 3070 vita
2304 3015 2460 3085 data,
2496 3015 2561 3070 fit
2588 3033 2846 3088 per.ver-

1678 3088 1814 3146 bum
1843 3085 1984 3156 ejuS,
2003 3089 2060 3139 et
2082 3085 2432 3141 remissionis
2461 3095 2846 3159 peccatorum,

1679 3164 1736 3214 et
1773 3170 2073 3223 corporum
2093 3157 2542 3228 resurrectionis,
2575 3164 2633 3213 et
2662 3175 2851 3217 rever-

1679 3229 1851 3285 sionis
1909 3227 1969 3280 in
2021 3227 2223 3282 coelum
2255 3247 2269 3282 ι
2307 3245 2335 3279 »
2395 3229 2516 3282 haec
2568 3231 2847 3288 Hilarius.

1752 3304 1785 3355 6
1841 3300 2158 3354 Monamrmx
2197 3314 2365 3353 Tyrus
2398 3315 2534 3354 ERAT
2587 3318 2848 3358 racemo-

1681 3387 1787 3426 mS.
1818 3398 1877 3409 -
1910 3369 2200 3424 Moraliter
2229 3375 2420 3424 autem
2458 3385 2560 3439 per
2588 3373 2852 3445 paralyti-

1681 3455 1833 3511 cum,
1863 3437 1962 3510 qui
1995 3441 2247 3512 privatus
2278 3447 2367 3495 est
2413 3457 2517 3496 usu
2558 3444 2848 3501 membro-

1682 3527 1810 3568 rum
1838 3510 2244 3580 corporalium,
2272 3511 2627 3582 significatur
2678 3515 2850 3572 homo

1683 3589 2004 3653 peccator,o
2008 3581 2239 3651 peribus
2251 3581 2560 3639 meritoriis
2574 3584 2851 3656 privatus,

1683 3657 1740 3710 et
1784 3653 1939 3724 turpi
1994 3667 2257 3708 marcens
2303 3655 2443 3708 otio.
2494 3656 2646 3709 Talis
2698 3655 2854 3713 enim

1681 3723 1940 3797 privatur
2002 3739 2158 3779 ressu
2181 3724 2490 3781 meritoriae
2514 3724 2852 3797 affectionis,

1683 3801 1741 3852 et
1784 3800 1940 3851 tactu
2015 3810 2140 3850 onae
2173 3795 2540 3864 operationis,
2579 3804 2638 3852 et
2682 3804 2882 3878 gustu·

1684 3867 1979 3923 suavitatis
2036 3866 2295 3931 coelestiS,
2346 3873 2403 3921 et
2453 3868 2590 3926 ,visu
2647 3868 2855 3925 divinae

1683 3937 2195 4007 contemplationis,
2224 3942 2281 3992 et
2309 3938 2505 3993 auditu
2527 3936 2702 3994 divini
2733 3956 2857 3995 ser-

1683 4009 1889 4078 moniS,
1940 4014 1997 4064 et
2050 4009 2291 4064 odoratu
2338 4009 2545 4065 divinae
2607 4011 2858 4068 consola-

1681 4080 1871 4135 tioniS.
1896 4082 1965 4135 Et
1991 4084 2128 4135 tunc
2150 4080 2305 4151 ,iacet
2329 4080 2386 4134 in
2410 4080 2578 4149 lecto,
2624 4082 2855 4152 quando

1680 4151 2105 4220 superveniens,
2133 4157 2290 4207 tenet
2322 4167 2452 4207 eum
2504 4167 2678 4222 prava
2711 4168 2851 4208 con-

1679 4222 1918 4278 suetudo
1940 4239 1957 4292 ;
1985 4224 2107 4278 haec
2133 4223 2286 4278 enim
2315 4221 2495 4277 lectus
2524 4224 2636 4278 dici
2664 4229 2855 4293 potest

1687 4292 1796 4348 hoc
1842 4292 1988 4350 loco.
2037 4296 2225 4366 Ipsum
2271 4307 2501 4364 quoque
2549 4300 2851 4364 peccatum
