3146 5023
423 319 518 376 268

438 443 662 485 marum
704 436 763 487 et
809 429 1105 487 inebrieris
1151 431 1282 484 vino
1324 442 1599 497 compun-

437 500 658 569 ctioni3‚
703 500 820 557 noli
874 502 1114 557 invitare
1153 499 1386 567 amicm,
1419 500 1474 553 id
1516 503 1605 553 est

434 571 548 627 noli
584 588 749 627 orare
784 576 1003 628 lantum
1034 588 1135 642 pro
1165 570 1359 627 amicis
1393 575 1449 625 et
1474 585 1604 625 con-

432 643 761 714 sanguineis
812 642 947 712 tuiS,
981 648 1038 698 et
1076 658 1176 713 pro
1217 641 1502 710 divitibuS‚
1546 641 1604 696 id

438 717 525 769 est
553 729 653 781 pro
682 712 865 783 justis,
892 713 988 785 qui
1016 718 1147 769 sunt
1171 711 1373 769 divites
1402 712 1463 768 in
1489 711 1604 767 vir-

433 782 674 851 tutibus;
702 784 800 839 sed
830 800 930 855 pro
960 783 1208 840 inimicis
1247 789 1304 840 et
1343 788 1605 855 peccato·

436 853 613 910 ribus
647 856 744 925 qui
774 870 906 911 vere
948 871 1228 927 pauperes
1267 862 1417 911 sunt.
1446 855 1608 911 Unde

439 923 628 979 subdit
671 944 688 980 ε
727 926 838 983 Sed
888 943 1022 983 voca
1076 942 1364 1009 pauperes,
1411 926 1469 982 id
1523 931 1611 981 est

438 997 662 1050 associa
710 996 770 1052 in
814 1001 913 1053 tua
951 1006 1210 1055 oratione
1250 1002 1606 1069 peccatores;

439 1069 497 1120 et
526 1067 836 1124 subdividit
867 1085 964 1125 eos
996 1071 1051 1125 in
1089 1069 1199 1126 tria
1238 1086 1451 1140 genera
1480 1085 1608 1138 pec-

440 1141 721 1205 catorum,
755 1142 947 1196 dicens
979 1160 990 1196 :
1026 1142 1252 1204 debiles,
1282 1140 1338 1196 id
1369 1146 1449 1196 est
1476 1156 1606 1210 pec-

436 1214 631 1265 cantes
651 1226 716 1266 ex
741 1211 1092 1279 infirmitate,
1110 1218 1161 1268 et
1180 1213 1426 1275 claudos,
1444 1211 1500 1267 id
1523 1215 1610 1266 est

480 1286 744 1338 eccantes
771 1298 838 1338 ex
870 1283 1108 1352 malitia,
1136 1283 1350 1339 scilicet
1373 1282 1470 1353 qui
1502 1283 1606 1337 ha-

478 1356 576 1406 ent
625 1357 829 1423 pedem
882 1355 1205 1410 intellectus
1256 1370 1478 1421 sanum,
1509 1353 1609 1409 sed

436 1425 640 1503 pedem
682 1424 921 1481 affectus
963 1427 1282 1495 infirmum3
1324 1432 1375 1481 et
1424 1441 1605 1488 caecos,

437 1493 495 1548 1d
527 1497 614 1549 est
648 1500 945 1564 peccantes
977 1513 1043 1552 ex
1073 1497 1418 1567 ignorantia.
1449 1498 1606 1552 Prae·

438 1564 656 1621 dicator
685 1569 857 1623 etiam
886 1568 1045 1624 verbi
1075 1568 1252 1624 divini
1286 1567 1420 1622 facit
1448 1566 1610 1637 spiri-

438 1636 594 1692 tuale
647 1638 962 1693 convivium
990 1657 1004 1706 ;
1047 1640 1147 1695 sed
1208 1638 1253 1693 si
1317 1640 1451 1693 facit
1500 1639 1610 1693 hoc

438 1712 672 1777 propter
706 1708 944 1763 honoris
987 1709 1073 1764 vel
1106 1708 1248 1764 lucri
1278 1707 1609 1779 temporalis

438 1776 922 1846 consecutionem,
964 1795 1076 1833 non
1123 1780 1356 1834 habebit
1404 1795 1437 1835 a
1493 1781 1608 1834 Deo

442 1848 790 1915 mercedem;
822 1848 868 1902 si
897 1865 1032 1904 vero
1061 1849 1196 1905 facit
1218 1855 1450 1921 propter
1478 1850 1607 1906 ani-

438 1930 662 1997 marum
700 1921 963 1988 salutem,
998 1919 1235 1992 recipiet
1272 1937 1399 1976 cum
1437 1922 1608 1992 justis

436 1992 612 2069 vitam
667 1994 961 2047 aeternam.
995 1993 1071 2047 Ex
1110 2009 1177 2048 eo
1216 1999 1408 2048 autem
1456 1992 1610 2064 quod

436 2059 712 2116 Dominus
741 2061 833 2118 hic
871 2061 952 2118 ait
981 2080 994 2119 ε
1030 2065 1396 2121 Retribuetur
1426 2066 1483 2119 in
1519 2080 1607 2120 re-

436 2134 790 2189 surrectione
832 2134 1137 2205 justorum,
1170 2137 1399 2206 quidam
1435 2137 1501 2190 de
1529 2138 1606 2190 si-

432 2204 550 2257 mul
580 2204 1069 2270 discumbentibus,
1088 2207 1244 2263 rudis
1265 2216 1324 2263 et
1347 2207 1607 2277 cernam,

434 2274 544 2327 haec
574 2290 695 2328 cum
725 2277 995 2344 audisset,
1026 2282 1212 2332 motus
1238 2276 1422 2332 verbis
1452 2276 1609 2333 Chri-

433 2343 526 2408 sti,
567 2344 808 2398 credidit
847 2347 1000 2414 quod
1039 2346 1379 2402 resurrectio
1418 2348 1610 2404 futura

435 2415 584 2491 esset
615 2412 687 2466 ad
719 2414 892 2469 vitam
925 2415 1066 2472 cibis
1094 2417 1487 2499 corporalibus
1519 2422 1605 2474 in-

440 2481 748 2553 digentem,
780 2489 837 2541 et
884 2488 1039 2559 quod
1076 2489 1334 2547 Christus
1373 2492 1607 2561 promit-

437 2560 584 2611 teret
613 2572 770 2613 escas
798 2562 1142 2629 corporales,
1165 2562 1223 2616 in
1243 2578 1421 2633 regno
1443 2565 1611 2618 coelo·

1140 324 1357 378 PRIMAE
1412 322 1651 375 PARTIS
1707 320 1913 374 CAPUT
1968 321 2166 373 LXXX

1701 440 1817 480 non
1833 425 2136 495 diligenter
2153 425 2475 495 percipiens
2490 442 2561 482 ea
2576 443 2716 498 quae
2742 428 2900 484 Chri-

1704 500 1822 552 stus
1851 499 2198 567 protulerat;
2254 498 2472 568 putavit
2507 499 2737 554 etenim
2780 516 2900 553 cor-

1704 583 1906 639 poreas
1945 584 2070 623 esse
2113 570 2608 625 remunerationes
2642 573 2902 626 Sancto-

1707 655 1856 695 rum.
1882 660 1910 689 »
1942 639 2050 695 Sed
2081 638 2315 709 quidam
2346 641 2566 709 dicunt,
2602 642 2771 712 quod
2803 658 2903 712 per

1709 726 1914 781 panem
1934 709 2043 765 iste
2062 711 2234 766 homo
2262 712 2617 779 intelligebat
2641 714 2904 768 beatitu-

1711 783 1902 838 dinem
1924 797 2135 850 veram,
2158 798 2282 853 quae
2301 782 2565 838 consistit
2587 786 2644 839 in
2678 783 2904 840 visione

1711 857 1767 909 et
1796 853 2062 908 fruitione
2092 853 2320 909 deitatis
2358 853 2563 910 Christi
2602 855 2903 927 principa-

1711 924 1858 993 liter,
1895 929 1951 980 et
1982 925 2353 980 humanitatis
2382 925 2763 993 secundario,
2802 927 2898 997 qui

1708 1002 1876 1052 vocat
1900 1012 1959 1052 se
1984 1012 2190 1067 panem
2221 996 2371 1065 vitae.
2400 997 2559 1052 Unde
2587 998 2670 1052 ait
2701 999 2904 1066 Aucu-

1708 1070 1888 1122 stinus
1915 1087 1931 1121 .·
1964 1086 1990 1118 «
2024 1070 2120 1124 Vcl
2150 1067 2312 1137 quasi
2341 1070 2397 1122 in
2427 1067 2759 1150 longinqua
2798 1068 2903 1124 iste

1707 1139 2049 1210 suspirabat,
2073 1144 2130 1194 et
2144 1138 2434 1210 panisiste
2454 1141 2730 1208 coelestls,
2760 1141 2905 1196 scili·

1710 1215 1798 1265 cet
1827 1226 1994 1279 quem
2016 1209 2398 1278 desiderabat,
2426 1216 2558 1266 ante
2591 1210 2762 1266 illum
2793 1211 2904 1267 dis-

1709 1282 2028 1337 cumbebat.
2060 1281 2194 1347 Quis
2231 1281 2380 1337 enim
2412 1287 2497 1336 est
2529 1281 2698 1353 panis
2732 1281 2900 1352 regni

1710 1354 1831 1416 Dei,
1872 1352 1981 1408 nisi
2027 1351 2125 1423 qui
2164 1351 2343 1408 dicit:
2384 1356 2500 1421 qu
2548 1369 2672 1407 sum
2736 1357 2901 1424 panis

1709 1427 1889 1492 vivuS,
1922 1426 2021 1494 qui
2057 1426 2124 1480 de
2153 1426 2279 1478 coelo
2306 1424 2610 1479 descendi?
2641 1426 2776 1480 Noli
2812 1440 2902 1494 pa·

1711 1510 1841 1550 rare
1869 1499 2077 1563 l’auceS‚
2099 1495 2199 1550 sed
2230 1511 2329 1550 cor
2358 1513 2371 1550 ε
2408 1515 2436 1548 »
2466 1496 2588 1550 haec
2623 1495 2902 1563 Auqusti-

1708 1582 1833 1622 nus.
1868 1569 2074 1622 Beatus
2111 1566 2281 1636 igitur
2320 1565 2415 1637 qui
2458 1567 2608 1622 hunc
2653 1581 2899 1637 panem,

1710 1639 1805 1707 qui
1837 1636 2071 1692 refectio
2101 1636 2422 1692 animarum
2453 1643 2559 1695 cst.
2585 1638 2904 1693 manduca—

1711 1709 1792 1762 bit
1835 1709 1893 1762 in
1931 1723 2107 1778 regno
2143 1708 2264 1777 Dei,
2301 1708 2548 1764 videndo
2580 1707 2810 1764 scilicet
2847 1715 2903 1764 et

1708 1779 1969 1847 fruendo,
2002 1779 2072 1834 de
2110 1796 2238 1848 quo-
2269 1778 2479 1835 dicitur
2523 1781 2580 1834 in
2618 1778 2905 1834 Ecclesia-

1710 1849 1850 1905 stico
1884 1869 1901 1903 :
1943 1851 2050 1917 Qui
2078 1852 2246 1906 edunt
2284 1867 2367 1905 me
2408 1851 2590 1905 adhuc
2629 1854 2898 1918 esurient,

1709 1937 1824 1976 non
1855 1925 2085 1990 propter
2109 1921 2273 1977 samis
2306 1921 2596 1988 inediam;
2632 1921 2736 1976 sed
2768 1937 2898 1992 pro-

1708 1998 1835 2065 pter
1871 1991 2084 2048 fastidii
2122 1994 2464 2049 absentiam.
2497 1991 2657 2048 Unde
2687 1993 2848 2048 Beda
2876 2011 2892 2046 ε

1712 2083 1741 2117 «
1779 2065 1951 2120 Panis
2000 2063 2096 2135 qui
2153 2067 2550 2130 manducatur,
2598 2062 2659 2118 in
2707 2078 2895 2134 regno

1709 2135 1831 2204 Dei,
1862 2151 1979 2190 non
2010 2137 2318 2204 corporalis
2351 2134 2767 2205 intelligendus
2808 2139 2891 2189 est

1710 2205 1890 2275 cibuS,
1931 2206 2030 2261 sed
2084 2206 2176 2261 ille
2220 2209 2421 2278 utique
2460 2210 2557 2278 qui
2606 2206 2689 2260 ait
2729 2227 2744 2261 ε
2777 2209 2893 2273 1390

1708 2293 1829 2332 sum
1840 2279 2009 2349 panis
2034 2279 2195 2333 vivus
2222 2279 2413 2348 quide
2438 2278 2565 2333 coelo
2594 2277 2860 2331 descendi
2875 2293 2889 2345 3

1706 2351 1758 2403 si
1803 2351 1929 2419 quis
1976 2349 2393 2404 manducaverit
2442 2365 2511 2403 ea:
2572 2349 2669 2402 hoc
2720 2362 2893 2418 pane,

1706 2423 1852 2475 vivet
1880 2422 1941 2474 in
1969 2426 2250 2488 aeternum,
2279 2420 2334 2475 id
2369 2425 2474 2488 est,
2508 2417 2554 2474 si
2586 2417 2717 2488 quis
2751 2433 2894 2474 meae

1709 2490 2122 2547 lucarnationis
2142 2496 2502 2548 sacramento
2523 2492 2779 2562 perfecte
2803 2488 2893 2570 in-

1708 2571 2056 2645 corporatuS,
2104 2579 2244 2618 meae
2299 2563 2507 2619 divinae
2570 2562 2896 2631 majestatis

439 2641 565 2681 rum
590 2646 604 2694 ;
644 2628 770 2685 ideo
806 2630 960 2687 dimit
981 2634 1074 2688 illi
1103 2649 1117 2688 ε
1146 2635 1345 2691 Beatus
1372 2639 1478 2703 est,
1511 2638 1611 2704 qui

437 2699 801 2756 manducabit
863 2719 1020 2759 anem
1046 2707 1106 2759 in
1124 2721 1289 2773 reqno
1309 2709 1427 2761 Dei.
1449 2708 1608 2762 Unde

440 2768 682 2839 cyrillus
709 2790 726 2826 ε
757 2791 785 2827 «
817 2718 993 2831 ἔσοιο
1022 2774 1127 2832 iste
1156 2776 1424 2833 animalis
1461 2781 1605 2847 erat,

1707 2633 1921 2690 visione
1972 2634 2084 2690 frui
2130 2634 2421 2698 meruerit,
2466 2632 2559 2689 hic
2603 2636 2894 2703 perpetua

1706 2706 1837 2761 vitae
1886 2705 2222 2760 immortalis
2264 2703 2618 2763 heatitudine
2663 2703 2890 2773 gaude·

1707 2778 1791 2833 bit
1820 2793 1835 2833 t
1870 2797 1899 2827 »
1928 2779 2050 2833 haec
2077 2778 2248 2833 Beda.

1544 3036 1802 3093 ORATIO

510 3197 747 3255 Domine
775 3203 909 3258 Jesu
943 3203 1187 3273 Christe,
1214 3221 1389 3262 manu
1422 3204 1829 3262 misericordiae
1871 3212 1983 3262 tuae
2014 3220 2104 3261 me
2140 3204 2508 3276 apprehende
2539 3206 2598 3260 et
2624 3210 2897 3278 protege,

440 3281 513 3320 ne
580 3270 844 3350 raevaleat
872 3272 931 3327 in
962 3290 1053 3330 me
1083 3275 1405 3348 hydropisis
1427 3276 1672 3332 carnalis
1690 3276 2018 3349 voluptatiS,
2050 3277 2147 3344 vcl¹
2165 3275 2426 3344 avaritia,
2456 3280 2553 3331 aut
2583 3277 2889 3347 superbia;

445 3340 501 3391 et
568 3352 602 3392 a
638 3340 774 3394 mihi
806 3347 865 3398 ut
890 3359 993 3414 per
1020 3362 1212 3401 veram
1240 3347 1448 3417 cordis,
1480 3349 1598 3403 oris
1624 3352 1681 3403 et
1706 3349 1891 3420 operis
1921 3346 2299 3404 humilitatem
2336 3349 2394 3402 in
2423 3345 2732 3402 novissimo
2765 3348 2891 3405 loco

441 3409 769 3490 recumbam
809 3413 1087 3470 minorem
1134 3431 1226 3472 me
1264 3417 1392 3473 aliis
1433 3419 1773 3490 reputand0‚
1806 3425 1863 3475 et
1913 3435 2017 3490 per
2073 3416 2519 3474 misericordiam
2566 3416 2895 3487 indigentes

440 3484 682 3539 invitare
714 3499 827 3540 non
853 3486 1133 3554 omittam,
1166 3503 1365 3543 eorum
1388 3489 1827 3546 necessitatibus
1853 3505 1956 3561 pro
1985 3505 2149 3561 posse
2177 3490 2584 3545 succurrendo.
2619 3489 2891 3560 Largitor

442 3551 869 3633 opulentissime
894 3559 1064 3627 DeuS,
1090 3558 1164 3614 da
1188 3556 1326 3614 mihi
1348 3559 1556 3618 misero
1586 3576 1789 3631 panem
1818 3560 2101 3630 coelicum,
2124 3560 2219 3631 qui
2245 3565 2308 3616 tu
2329 3559 2452 3631 ipse
2476 3576 2561 3628 eS‚
2585 3565 2897 3617 manduca-

449 3639 511 3707 re
540 3640 598 3679 in
624 3641 799 3709 regno
824 3627 925 3684 Dei
948 3645 961 3696 ;
993 3643 1098 3700 pro
1125 3645 1235 3701 quo
1252 3645 1398 3702 pane
1417 3632 1542 3702 tibi,
1561 3634 1823 3702 Domine,
1848 3632 2098 3704 quotidie
2129 3632 2464 3703 militamus,
2494 3646 2597 3703 pro
2625 3646 2738 3703 quo
2766 3637 2893 3688 tota

438 3696 528 3753 die
560 3698 996 3771 mortificamur,
1024 3705 1086 3758 ut
1113 3700 1174 3757 in
1201 3706 1295 3760 tua
1317 3703 1434 3761 vita
1461 3704 1741 3761 vivamus.
1780 3706 1985 3760 Amen.
