3146 5023
946 427 1023 479 DE
1079 425 1484 479 DAEMONIACO
1540 424 1726 479 GAECO
1780 423 1858 476 ΕΤ
1912 423 2113 475 MUTO.
2647 427 2746 482 219

276 540 470 592 autem
519 534 968 616 uniuscujusque
1001 531 1317 605 peccatoris
1348 548 1448 590 vo-

274 607 465 677 luntas
496 602 839 662 testimoniis
867 604 1068 673 tribuS‚
1099 602 1158 659 id
1189 609 1275 661 est
1307 621 1321 660 ι
1352 621 1446 662 co-

274 677 634 749 gitationum,
666 679 973 734 verborum
1002 681 1060 733 et
1091 691 1326 748 operum
1368 692 1381 732 2
1416 696 1444 730 »

274 750 402 806 liaec
430 752 868 818 chrysostomus.

350 826 413 877 16
449 822 713 888 QuAivruii
754 836 1031 875 bassanus
1084 835 1148 874 os
1196 836 1446 875 ivosrimii

269 909 583 949 cusi-ommi.
625 924 694 934 —
735 891 836 948 Hic
885 906 1021 962 ergo
1065 887 1354 959 docemur,
1387 894 1449 947 ut

269 980 333 1020 os
389 970 647 1020 nostrum
702 961 1109 1031 custodiamus,
1149 977 1221 1017 ne
1272 962 1448 1018 verba

271 1034 456 1092 otiosa
487 1035 574 1091 vel
608 1034 757 1091 mala
785 1035 1116 1104 loquamur:
1144 1032 1278 1105 quia
1302 1030 1448 1089 sicut

267 1121 368 1162 vas
399 1106 551 1177 quod
588 1123 702 1163 non
742 1105 1017 1177 operitur,
1047 1104 1158 1160 cito
1201 1103 1446 1160 immun-

268 1177 407 1241 dum
434 1178 521 1246 fit,
549 1182 606 1234 et
639 1175 918 1248 quidquid
957 1183 1044 1232 est
1073 1172 1313 1232 interius
1343 1170 1441 1230 fri-

269 1248 484 1319 gescit3
519 1248 599 1305 sic
644 1256 732 1304 est
759 1255 816 1305 et
861 1247 933 1303 de
980 1247 1172 1313 corde,
1205 1248 1315 1302 nisi
1355 1263 1441 1317 OS,

271 1320 427 1390 quod
478 1323 564 1375 est
617 1320 742 1391 eJus
779 1319 1129 1390 operculum,
1181 1322 1445 1375 teneatur

272 1406 406 1446 cum
455 1390 704 1446 discreta
743 1389 997 1446 custodia
1041 1390 1314 1445 clausum.
1354 1391 1442 1457 Et,

264 1466 330 1518 ut
359 1460 496 1517 dicit
527 1462 840 1530 Greqom'us,
873 1462 944 1517 ab
968 1459 1121 1516 omni
1156 1458 1446 1516 rectitudi-

262 1531 355 1588 nis
385 1537 533 1588 statu
556 1537 816 1604 pereunt,
836 1532 930 1602 qui
942 1547 1059 1658 ‘per
1078 1531 1246 1587 noxia
1273 1532 1444 1588 verba

262 1603 614 1660 dilabuntur.
656 1605 723 1659 Et
760 1604 888 1660 ideo
966 1607 1271 1674 requenter
1311 1619 1442 1659 ore·

264 1690 415 1745 mus,
449 1674 743 1732 dicentes:
781 1678 943 1737 Pone,
985 1678 1229 1738 Domine,
1271 1679 1444 1730 custo-

263 1746 417 1801 diam
456 1750 542 1801 ori
570 1762 725 1811 maog
757 1751 810 1801 et
847 1748 1049 1801 ostium
1079 1749 1443 1801 circumstan-

262 1819 356 1872 tiae
392 1818 558 1873 labiis
595 1820 749 1872 meis.
788 1806 946 1873 [sude
978 1819 1392 1885 Chrysostomus
1423 1836 1441 1873 ε

228 1928 229 1931 ¹
269 1908 298 1940 α
337 1888 515 1958 Magis
541 1888 736 1958 utique
768 1888 990 1959 virgine
1025 1888 1099 1944 ali
1148 1904 1218 1944 ua
1249 1893 1440 1945 custo-

264 1956 324 2014 di
352 1957 628 2029 linguam.
654 1962 844 2031 Equus
866 1966 953 2016 est
982 1975 1119 2030 rega
1145 1960 1192 2015 is
1223 1959 1437 2030 lingua.

263 2029 323 2087 Si
362 2029 539 2100 igitur
582 2030 924 2101 imposueris
978 2031 1222 2100 frenum,
1252 2036 1310 2086 et
1346 2031 1442 2086 do·

264 2101 451 2156 cueris
484 2102 780 2157 ambulare
813 2117 939 2158 cum
974 2102 1128 2158 bona
1162 2101 1439 2172 composi-

262 2171 437 2239 tione,
471 2171 710 2244 quiescit
739 2188 909 2244 super
938 2189 1086 2241 eam,
1120 2178 1175 2230 et
1196 2173 1442 2244 desuper

263 2243 483 2299 sedebit
510 2259 626 2299 rex.
654 2243 709 2300 Si
744 2248 935 2301 autem
972 2244 1313 2300 infrenatam
1353 2242 1441 2300 di-

264 2312 683 2383 miseris-ferri,
729 2320 783 2370 et
839 2317 1076 2383 saltare3
1134 2314 1344 2372 diaboli
1385 2321 1441 2372 et

263 2385 587 2443 daemonum
616 2385 794 2442 sessio
827 2386 891 2442 sit
925 2405 937 2443 :
979 2408 1008 2437 »
1043 2388 1166 2443 haec
1205 2389 1441 2456 Chryso-

257 2462 482 2513 stomuS.
520 2457 676 2515 Unde
706 2464 762 2514 et
805 2459 1061 2527 Oriqenes
1093 2478 1108 2513 :
1142 2461 1437 2528 =‹2‚Eorum,

263 2527 360 2599 qui
414 2529 590 2585 verba
645 2529 747 2585 Dei
799 2530 1131 2600 loquuntur,
1174 2546 1238 2586 os
1289 2532 1439 2587 Deus

257 2599 476 2671 aperit3
527 2599 755 2656 illorum
793 2616 948 2670 vero,
989 2600 1082 2672 qui
1132 2601 1441 2670 loquuntur

258 2670 622 2727 mendacium
652 2714 666 2742 ,
737 2671 941 2727 salsum
1006 2671 1437 2743 testimonium,

260 2742 654 2812 scurrilitates,
715 2747 809 2800 tur
851 2742 1116 2813 itudines,
1176 2761 1437 2806 susurro-

182 2831 189 2838 ·
257 2828 387 2869 rum
427 2830 652 2886 quoque
690 2821 750 2870 et
836 2820 1216 2882 etractorum,
1255 2821 1311 2872 et
1341 2833 1436 2872 eo-

254 2899 385 2940 rum
434 2884 532 2955 qui
582 2884 766 2942 otiosa
818 2886 1144 2956 loquuntur.
1178 2887 1439 2944 diabolus

267 2971 332 3011 os
372 2955 575 3026 aperit.
601 2976 630 3005 υ
665 2958 929 3027 Magnum
964 2974 1098 3029 ergo
1122 2958 1439 3029 periculum

264 3030 352 3082 est
378 3025 532 3096 loqui
561 3026 632 3081 de
662 3027 1010 3084 secularibus
1035 3034 1090 3084 et
1111 3031 1283 3097 vani3‚
1309 3045 1439 3086 cum

262 3097 443 3153 multa
473 3097 586 3153 sint
618 3096 814 3154 divina
842 3104 899 3154 et
931 3098 1088 3156 utilia
1132 3100 1202 3155 de
1233 3099 1438 3171 quibus

261 3168 418 3238 loqui
443 3184 763 3240 possumus.
796 3170 953 3226 Unde
973 3168 1053 3227 ait
1073 3172 1396 3227 Ambrosius
1421 3190 1435 3244 ς

265 3261 295 3292 «
328 3242 453 3296 Non
488 3240 773 3297 mediocre
819 3242 1140 3313 periculum
1177 3247 1282 3311 est,
1311 3259 1438 3299 cum

260 3316 419 3368 tanta
445 3313 758 3369 habeamus
784 3313 1013 3383 eloquia
1034 3313 1156 3376 Dei,
1188 3318 1243 3370 et
1264 3331 1437 3386 opera

262 3397 389 3454 quae
441 3383 593 3451 fecit,
658 3384 747 3441 his
806 3385 1225 3457 praetermissis,
1280 3386 1435 3456 loqui

302 3470 387 3509 uae
418 3455 593 3512 seculi
629 3461 779 3513 sunt.
816 3460 882 3512 Et
911 3457 1153 3514 maxime
1185 3474 1219 3514 a
1246 3457 1434 3514 verbis

301 3527 617 3583 etractoriis
644 3543 843 3584 cavere
873 3529 1167 3599 debemus,
1196 3546 1265 3585 ne
1287 3529 1433 3586 male

261 3594 561 3666 loquamur
589 3598 659 3654 de
691 3599 837 3655 aliis.
875 3621 904 3650 »
949 3601 1108 3657 Unde
1139 3609 1195 3657 et
1225 3603 1432 3669 Anqu-

261 3670 478 3747 stinus:
504 3687 533 3720 «
558 3668 695 3725 Vide
719 3672 1001 3740 quomodo
1023 3672 1284 3729 irasceris
1299 3673 1433 3728 alte-

259 3754 332 3819 ri,
365 3739 592 3808 quando
626 3741 711 3821 ‚de
748 3747 803 3797 te
834 3745 980 3799 male
1019 3744 1308 3816 loquitur3
1352 3743 1433 3800 sic

259 3824 506 3890 irascere
538 3810 661 3879 tibi,
694 3814 921 3883 quando
952 3814 1022 3870 de
1071 3815 1250 3871 altero
1284 3814 1432 3871 male

259 3878 532 3950 loqueriS.
569 3901 598 3934 »
631 3883 698 3938 Et
734 3899 848 3940 non
891 3885 1072 3942 solum
1102 3902 1301 3942 cavere
1339 3886 1434 3941 de-

261 3951 463 4007 bemus
501 3968 572 4008 ne
615 3955 789 4035 verba
840 3956 1182 4014 detractoria
1232 3958 1430 4028 loqua-

260 4037 425 4103 mur3
467 4024 567 4079 sed
604 4030 778 4081 etiam
819 4042 893 4082 ne
941 4028 1256 4092 audiamus,
1298 4029 1432 4100 quia

260 4109 449 4150 sinon
477 4101 627 4151 esset
663 4097 908 4165 auditor,
933 4115 1045 4155 non
1073 4106 1221 4157 esset
1241 4101 1430 4157 detra-

259 4168 400 4221 ctor.
430 4168 586 4223 Unde
610 4170 942 4225 Bernardus:
965 4191 991 4222 «
1018 4173 1348 4240 Detrahere,
1376 4176 1433 4228 et

259 4236 655 4318 detrahentem
671 4240 888 4310 audire,
945 4239 1037 4298 uid
1056 4243 1260 4300 horum
1282 4243 1433 4299 dam-

255 4309 501 4388 nabilius
535 4311 628 4381 sit,
661 4328 778 4369 non
806 4313 971 4370 facie
1003 4314 1263 4372 dixerim.
1299 4339 1324 4362 n
1365 4317 1431 4371 Et

258 4383 462 4439 iterum
482 4400 496 4439 ε
523 4404 554 4437 «
576 4382 796 4458 Lingua
813 4385 1174 4456 detractoria,
1196 4390 1254 4444 et
1272 4386 1431 4445 auris

1559 529 1857 598 auditoriS,
1879 529 2145 586 diabolus
2161 529 2322 587 sedet
2343 546 2517 605 super
2533 537 2745 590 utram·

1561 619 1690 675 que.
1748 621 1777 653 »
1825 600 2152 682 Cavendum
2203 602 2368 657 nobis
2426 606 2514 660 est
2567 605 2741 670 etiam

1558 674 1723 731 valde
1754 673 1993 729 averbis
2022 671 2394 729 contentiosis
2419 679 2476 729 et
2497 675 2734 747 rixosis;

1558 747 1696 815 quia
1748 742 2106 800 occasionem
2142 742 2278 799 daut
2324 744 2517 802 multis
2549 746 2736 804 malis,

1559 816 1718 874 Unde
1747 817 2164 885 Chrysostomus
2197 835 2217 871 .·
2252 834 2280 868 «
2317 816 2620 874 Contentio
2653 824 2741 876 est

1557 884 1852 944 altercatio
1895 887 2083 958 longa.
2125 883 2389 943 Nascitur
2432 894 2626 944 autem
2674 905 2741 946 ex

1558 975 1703 1016 vana
1741 959 1945 1031 gloria,
1987 974 2116 1039 quae
2146 956 2353 1039 dicitur
2381 975 2544 1015 amor
2570 958 2743 1017 victo-

1556 1031 1676 1089 riae.
1710 1033 1885 1087 Nemo
1936 1045 2088 1086 enim
2141 1029 2239 1085 diu
2261 1028 2601 1111 ⁶contendit,
2631 1031 2741 1088 nisi

1557 1101 1654 1174 qui
1694 1102 1922 1158 vincere
1953 1100 2321 1170 concupiscit.
2353 1101 2604 1158 Gloriam
2635 1102 2741 1161 tibi

1554 1179 1721 1245 putas
1779 1189 1926 1241 esse,
1958 1169 2006 1228 si
2050 1170 2288 1255 viceris5
2326 1173 2426 1228 sed
2484 1172 2741 1232 occidisti

1554 1246 1746 1327 gladio
1776 1244 2025 1301 amicum
2072 1248 2129 1299 et
2168 1242 2480 1301 amicitiam
2519 1244 2647 1316 ejus
2676 1244 2737 1303 in

1553 1334 1570 1371 i
1615 1333 1714 1387 so;
1747 1323 1802 1374 et
1844 1315 1972 1372 ideo
2029 1314 2189 1386 quasi
2224 1316 2295 1373 de
2329 1312 2513 1372 amico
2554 1313 2738 1374 occiso

1596 1384 1718 1445 abis
1780 1386 2085 1443 rationem.
2143 1389 2284 1444 Nam
2343 1386 2390 1443 si
2445 1387 2740 1446 hominem

1552 1475 1669 1516 non
1700 1456 1956 1515 occidisti
2009 1457 2197 1540 ferreo
2246 1458 2458 1530 gladio,
2493 1459 2740 1517 amicum

1552 1535 1748 1588 tamen
1767 1528 2024 1587 occidisti
2046 1529 2234 1601 gladio
2258 1529 2598 1587 contentiosi
2618 1547 2737 1588 ser-

1555 1601 1741 1658 monis
1769 1620 1782 1658 :
1818 1622 1845 1654 »
1878 1602 2003 1657 haec
2030 1603 2469 1671 chrysostomus.

1632 1696 1690 1746 17
1719 1676 1838 1730 Noiv
1873 1691 1968 1728 nsi-
1997 1691 2065 1728 ΒΕ
2105 1691 2340 1729 rnoxmo
2379 1692 2735 1731 innicAivnuii.

1552 1774 1623 1787 —-
1648 1745 1882 1801 Multum
1921 1743 2154 1816 iusuper
2198 1761 2399 1802 cavere
2438 1747 2734 1817 debemuS,

1552 1833 1624 1873 ne
1674 1814 2000 1888 proximum
2047 1816 2220 1873 verbo
2253 1817 2340 1873 vel
2371 1819 2622 1888 cogitatu
2644 1819 2738 1889 ju-

1553 1888 1831 1944 dicemus,
1895 1887 2054 1944 Unde
2110 1888 2261 1945 idem
2321 1890 2734 1958 chrysostomus

1553 1975 1726 2031 super
1756 1961 1863 2015 hoc
1893 1976 1906 2014 :
1934 1963 2025 2014 Eoe
2053 1960 2233 2014 verbis
2265 1962 2377 2016 tuis
2408 1961 2734 2016 condemna-

1553 2032 1716 2094 beris,
1758 2029 1882 2086 ait:
1916 2048 1943 2083 «
1986 2031 2111 2086 Non
2154 2027 2337 2100 audiS,
2374 2030 2648 2103 quoniam
2682 2035 2740 2089 et

1552 2099 1875 2158 Pharisaeus
1913 2117 2052 2157 vera
2098 2100 2322 2158 locutus
2370 2108 2456 2158 est
2482 2120 2497 2170 ;
2523 2103 2621 2159 sed
2653 2108 2735 2159 ta-

1552 2189 1683 2229 men
1733 2171 1993 2229 ultimam
2031 2169 2188 2228 dedit
2226 2172 2555 2230 vindictam.
2601 2177 2736 2230 Ete-

1551 2244 1671 2300 nim
1716 2245 1890 2300 habet
1924 2240 2183 2301 Judicem
2235 2242 2332 2313 qui
2371 2244 2628 2326 deliquit.
2659 2247 2740 2301 Ne

1548 2315 1728 2386 igitur
1780 2314 1971 2385 capias
2023 2313 2364 2385 dignitatem
2415 2314 2735 2387 Unigeniti3

1548 2386 1633 2447 illi
1682 2387 1883 2459 judicii
1937 2387 2177 2442 thronus
2216 2392 2584 2443 conservatus
2626 2392 2733 2444 est.

1552 2458 1682 2527 Sed,
1715 2458 1761 2515 si
1792 2459 1875 2516 vis
1898 2459 2181 2532 judicare,
2214 2464 2300 2516 est
2330 2458 2434 2517 tibi
2457 2459 2739 2531 ,iudicium

1550 2531 1795 2587 multum
1836 2531 2055 2588 lucrum
2107 2530 2345 2588 habens,
2381 2532 2592 2588 Sedere
2644 2533 2734 2589 fac

1547 2601 1609 2657 in
1640 2601 1988 2658 conscientia
2019 2607 2117 2657 tua
2142 2601 2492 2658 intellectum
2519 2603 2734 2659 discer-

1549 2677 1803 2741 nentem,
1838 2678 1896 2730 et
1944 2672 2089 2728 affer
2144 2672 2201 2728 in
2252 2673 2504 2730 medium
2540 2673 2737 2732 omnia

1547 2745 1756 2802 delicta
1796 2749 1911 2813 tua,
1941 2749 1999 2801 et
2035 2740 2321 2815 investiga
2368 2743 2562 2802 omnia
2607 2762 2735 2818 pec-

1548 2820 1677 2873 cata
1701 2816 1928 2885 animae,
1951 2821 2007 2873 et
2040 2821 2239 2887 expete
2271 2833 2398 2873 cum
2436 2816 2734 2888 diligentia

1550 2904 1749 2957 noan,
1787 2893 1843 2945 et
1873 2888 1964 2944 dic
1995 2906 2008 2944 :
2045 2889 2287 2959 Propter
2335 2887 2474 2959 quid
2523 2890 2648 2945 haec
2677 2893 2735 2945 et

1550 2961 1671 3015 haec
1710 2964 1771 3016 tu
1815 2960 2000 3015 facere
2036 2974 2211 3015 ausus
2260 2959 2364 3015 es?
2413 2962 2501 3028 Et,
2534 2959 2581 3014 si
2614 2960 2738 3016 haec

1548 3030 1783 3102 quidem
1838 3028 2047 3100 fugerit
2096 3031 2311 3097 omnia,
2358 3046 2485 3100 quae
2537 3035 2733 3086 autem

1546 3101 1791 3158 aliorum
1847 3105 1985 3157 suut
2035 3097 2486 3171 investigaverit,
2522 3102 2613 3157 dic
2662 3101 2735 3158 ad

1547 3189 1676 3230 eam
1722 3190 1735 3228 z
1776 3174 1899 3229 Non
1956 3188 2059 3244 pro
2115 3170 2206 3228 his
2262 3177 2317 3228 te
2370 3172 2586 3245 judico,
2617 3189 2730 3230 non

1544 3261 1649 3316 pro
1699 3244 1787 3301 his
1840 3243 2043 3301 intravi
2084 3249 2139 3300 te
2184 3249 2540 3301 accusatura.
2587 3244 2729 3312 Quid

1546 3315 1742 3372 enim?
1774 3315 1828 3373 Si
1864 3315 1960 3373 ille
1998 3317 2223 3383 debeat,
2255 3321 2312 3373 et
2344 3321 2428 3384 tu,
2468 3333 2569 3373 cur
2607 3318 2732 3373 haec

1543 3393 1714 3458 atque
1746 3389 1869 3444 haec
1898 3387 2234 3460 deliquisti?
2266 3389 2643 3445 Excusantem
2674 3393 2733 3444 te

1546 3475 1782 3529 accusa3
1818 3476 1944 3532 quae
1978 3459 2364 3532 tuimetipsius
2399 3466 2531 3517 sunt
2564 3460 2732 3516 intu-

1543 3546 1661 3600 ere,
1690 3547 1802 3588 non
1830 3548 1956 3604 quae
1980 3532 2244 3589 aliorum.
2279 3534 2345 3587 Et
2377 3532 2646 3588 continue
2668 3530 2728 3586 in

1541 3602 1688 3659 hanc
1738 3602 1920 3661 deduc
1972 3604 2254 3676 agoniam.
2286 3604 2523 3670 Deinde,
2556 3602 2603 3658 si
2653 3599 2740 3655 ni-

1540 3673 1622 3728 hil
1683 3676 1897 3733 habere
1944 3675 2140 3744 dicat,
2202 3674 2303 3731 sed
2373 3673 2729 3740 retardatur,

1539 3743 1788 3812 delania,
1817 3744 2045 3816 flagella
2077 3761 2205 3802 eam
2233 3743 2727 3814 velut-quamdam

1540 3816 1805 3872 ancillam
1860 3817 2067 3871 elatam
2133 3821 2191 3872 et
2249 3814 2610 3871 fornicatam.
2662 3814 2730 3869 Et

1540 3887 1650 3942 hoc
1689 3886 2000 3942 secundum
2059 3901 2524 3956 unamquamque
2579 3882 2731 3939 diem

1543 3956 1824 4013 constitue
1863 3953 2173 4028 judicium;
2206 3962 2261 4012 et
2294 3955 2593 4013 subscribe
2625 3957 2731 4012 flu-

1543 4044 1674 4085 men
1713 4028 1882 4101 ignis,
1915 4043 2168 4084 vermem
2224 4026 2591 4084 conscientiae
2638 4042 2734 4082 ve-

1542 4116 1755 4156 nenum
1826 4098 2220 4167 emittentem,
2265 4098 2379 4155 alia
2435 4099 2563 4155 loca
2620 4104 2732 4152 tor-

1543 4177 1909 4238 mentorum;
1952 4175 2009 4226 et
2036 4187 2108 4227 ne
2146 4169 2402 4230 dimittas
2435 4186 2565 4227 eam
2605 4185 2732 4226 esse

1542 4259 1672 4299 cum
1745 4242 1994 4300 diabole.
2059 4245 2127 4300 Et
2183 4245 2229 4299 si
2292 4241 2544 4300 doluerit
2607 4244 2731 4298 haec

1541 4311 1804 4384 audiens,
1843 4330 1915 4371 ne
1968 4315 2271 4372 subtrahas
2319 4329 2571 4371 manum.
2608 4316 2733 4371 Non

1541 4385 1699 4445 enim
1731 4387 2009 4446 morietur
2040 4386 2087 4445 si
2118 4403 2247 4446 eam
2269 4385 2668 4461 percusseris3
2699 4400 2735 4442 a
