3146 5023
676 411 756 464 ΒΕ
812 411 1142 466 ulsslolu
1195 408 1684 468 Arosrotonnu
1735 412 1819 465 An
1872 412 2392 468 PRAEDICANDUM.
2709 417 2769 473 41

266 537 423 587 nm,
459 520 667 578 horum
698 535 922 576 summa
956 525 1061 590 est,
1092 524 1156 575 ut
1178 521 1324 577 adeo
1353 521 1464 577 vir-

274 593 424 651 tuosi
448 591 717 653 existant,
752 590 909 662 quod
948 606 1065 645 non
1116 589 1303 648 minus
1332 608 1463 663 pro·

264 669 393 738 pter
463 663 599 718 vitae
678 664 937 730 modum,
998 677 1170 787 ‹luam
1222 669 1455 733 propter

266 749 465 792 eorum
487 734 752 801 verbum,
782 735 891 788 Eva
902 749 1010 799 nge
1037 735 1151 788 ium
1175 733 1456 804 proficiat.

264 806 443 872 Unde,
460 810 518 863 et
542 806 857 861 secundum
875 805 1333 874 chrysostomum,
1348 804 1459 861 hoc
1484 798 1497 811 ’

260 878 435 936 etiam
462 877 546 934 eis
560 875 839 934 Dominus
855 878 1139 945 praecepit.
1158 881 1222 932 ut
1242 892 1343 945 per
1365 877 1463 933 ha-

259 949 445 1006 bitum
473 949 845 1004 ostenderent
871 955 1150 1017 quantum
1171 963 1205 1003 a
1229 945 1458 1003 divitia-

256 1035 387 1077 rum
414 1019 703 1076 desiderio
728 1019 1035 1074 distabant.
1070 1019 1228 1075 Unde
1263 1019 1460 1090 etiam,

255 1091 579 1148 secundum
635 1091 1019 1159 Theophilum,
1080 1093 1141 1145 ut
1192 1090 1456 1146 videntes

258 1174 355 1221 eos
384 1163 704 1234 praedicare
759 1164 1174 1231 paupertatem,
1230 1162 1460 1232 acquie-

256 1238 441 1302 scant,
472 1248 602 1290 cum
646 1232 901 1303 Apostoli
931 1233 1073 1288 nihil
1107 1232 1340 1290 habent.
1376 1234 1463 1288 Ita

258 1309 456 1361 autem
511 1319 775 1374 expresse
839 1303 1136 1371 probibuit
1189 1304 1455 1374 possessi-

260 1390 436 1432 onem
486 1372 917 1446 teniporalium.
956 1376 1092 1444 quia
1119 1375 1199 1430 sic
1227 1381 1453 1445 oporte-

254 1446 361 1502 bat
388 1445 455 1501 in
482 1446 771 1515 primitiva
816 1444 1088 1513 Ecclesia,
1118 1451 1179 1500 ut
1202 1447 1458 1501 ostende-

253 1521 398 1574 rent
441 1517 632 1572 omnia
670 1517 985 1588 gubernari
1026 1517 1456 1586 dispensatione

256 1586 482 1657 divina,
515 1593 683 1658 atque
723 1594 1143 1643 monstraretur
1177 1586 1355 1643 virtus
1384 1587 1457 1643 fi-

258 1659 820 1731 dei,contraerrores
845 1658 1265 1728 bominum‚qui
1288 1675 1457 1715 cursu

253 1730 546 1797 siderum,
580 1728 671 1784 vel
720 1731 976 1797 fortuna,
1006 1729 1319 1786 credebant
1363 1732 1456 1802 agi

255 1803 461 1858 omnia
488 1816 504 1872 ς
535 1805 594 1855 et
632 1801 740 1857 hoc
768 1802 955 1855 adhuc
998 1804 1272 1872 competit
1315 1818 1456 1873 apo-

251 1872 472 1930 stolicis
498 1870 657 1941 viris,
691 1874 1089 1940 Apostolorum
1113 1874 1458 1930 successori-

250 1943 379 2001 hus·
414 1943 662 2011 Quidam
699 1949 892 1998 tamen
944 1950 1098 2012 sunt,
1135 1945 1234 2014 qui
1289 1953 1453 2014 pote-

247 2016 411 2085 stati,
466 2030 585 2070 non
622 2011 966 2085 paupertati,
1001 2016 1305 2072 succedere
1353 2032 1458 2072 vo-

249 2087 426 2156 lunt;
470 2100 601 2141 cum
638 2090 833 2140 tamen
874 2101 985 2140 non
1028 2088 1322 2158 potestati,
1355 2087 1455 2143 sed

248 2154 587 2229 paupertati
624 2171 867 2228 regnum
918 2156 1191 2212 coelorum
1218 2159 1288 2213 sit
1323 2173 1453 2228 pro-

247 2229 513 2286 missum.
537 2229 675 2282 Tres
704 2243 839 2300 ergo
860 2235 995 2283 sunt
1020 2227 1292 2298 rationes,
1318 2245 1457 2301 qua-

245 2316 315 2358 re
344 2301 460 2356 hoc
489 2299 764 2369 praecepit
791 2301 979 2355 Jesus:
1014 2302 1215 2380 prima,
1240 2316 1313 2356 ne
1346 2306 1458 2356 sint

248 2372 425 2454 quasi
446 2369 645 2440 cupidi
669 2375 726 2424 et
745 2370 1029 2425 ambitiosi
1059 2371 1365 2440 ;secunda,
1383 2388 1455 2427 ne

246 2448 370 2499 sint
397 2440 632 2498 solliciti
663 2443 822 2510 quasi
874 2441 1259 2510 pusillanimes
1286 2458 1304 2513 ;
1345 2448 1455 2498 ter-

247 2515 356 2585 tia,
376 2519 448 2571 ut
469 2514 749 2569 mittentis
774 2515 1041 2569 virtutem
1069 2514 1452 2584 ostenderent,

247 2586 492 2658 quando
528 2583 671 2640 nibil
731 2586 811 2639 eis
852 2587 1026 2639 deest.
1083 2587 1139 2640 Si
1173 2586 1456 2655 quaeritur

247 2672 328 2713 an
370 2656 477 2713 alii
509 2656 584 2712 ad
623 2655 730 2710 hoc
768 2654 1118 2726 obligantur,
1146 2656 1453 2713 dicendum

248 2726 414 2797 quod
455 2725 758 2782 consilium
791 2733 896 2789 est,
932 2742 1045 2781 non
1080 2735 1448 2797 praeceptum.

246 2799 367 2857 sed
394 2803 554 2853 certe
581 2812 696 2852 non
728 2798 969 2853 auderet
993 2798 1201 2868 aliquis
1233 2800 1370 2854 utile
1396 2805 1454 2854 et

245 2883 464 2926 sanum
526 2866 825 2923 consilium
886 2869 1158 2938 repellere
1204 2870 1264 2924 in
1308 2869 1452 2926 facie

244 2941 403 3013 eju8‚
437 2946 655 3010 quanto
695 2940 875 3010 magis
931 2940 1092 3009 illud,
1151 2942 1307 3011 quod
1362 2942 1451 2996 vel

246 3011 421 3068 dedit
456 3012 652 3078 muqni
677 3012 896 3066 consilii
923 3011 1206 3078 Anqelus3
1238 3017 1296 3067 et
1322 3010 1450 3084 qui,-

245 3096 507 3152 cumque
550 3081 680 3136 huic
708 3080 945 3137 consilio
987 3082 1325 3138 fiducialiter
1354 3084 1452 3139 ad·

243 3154 531 3223 haereret,
567 3167 682 3208 non
716 3153 950 3209 dubium
981 3155 1119 3223 quin
1149 3154 1295 3209 Deus
1330 3153 1448 3210 suf-

241 3223 525 3283 ficienter
537 3223 643 3279 sibi
670 3226 1011 3295 provideret.
1033 3225 1270 3291 Quando
1296 3224 1450 3280 enim

242 3295 416 3353 missi
442 3294 679 3351 fuerunt
722 3295 972 3365 Apostoli
1019 3297 1090 3350 ad
1131 3294 1450 3366 praedican-

245 3367 418 3436 dum,
440 3366 567 3421 sine
594 3370 815 3421 sacculo
837 3375 893 3420 et
920 3366 1236 3436 provisione
1256 3366 1451 3437 aliqua

242 3438 731 3506 necessariorum,
759 3438 861 3492 l'uit
890 3436 1156 3493 divinitus
1185 3438 1265 3493 eis
1298 3438 1449 3493 laute

242 3508 571 3637 Brovssum,
599 3509 735 3577 quia
763 3509 901 3563 nihil
929 3508 1008 3564 eis
1027 3508 1240 3565 defuit:
1271 3524 1453 3579 quan·

287 3596 323 3637 o
349 3595 525 3637 verro
551 3580 863 3635 relaxatum
887 3579 991 3636 luit
1017 3580 1128 3634 illis
1153 3580 1446 3649 providere

243 3650 361 3708 sihi
395 3650 466 3707 de
499 3653 834 3706 necessariis
886 3653 942 3706 in
990 3652 1096 3717 via,
1135 3651 1280 3720 passi
1317 3655 1449 3706 sunt

285 3721 528 3778 enurias
585 3721 791 3776 multas
845 3729 1058 3793 postea.
1109 3724 1226 3777 Hoc
1254 3730 1446 3779 autem

243 3737 389 3849 fecit
421 3793 571 3848 Deus
611 3794 683 3848 ad
712 3795 963 3847 dandum
1004 3791 1272 3848 fiduciam
1303 3809 1445 3865 pau-

246 3861 490 3935 peribus
515 3863 1005 3933 praedicatoribus,
1033 3866 1104 3920 ad
1140 3880 1448 3936 exsequen-

248 3934 393 3991 dum
428 3938 758 3990 constanter
792 3935 1142 4003 praetltcandi
1172 3936 1443 3992 officium.

246 4005 363 4063 Ubi
412 4007 554 4061 nota
601 4006 903 4076 pulchrum
958 4007 1027 4061 de
1062 4006 1282 4063 duobus
1309 4008 1446 4062 reli-

247 4075 447 4148 giosiS,
480 4076 630 4132 ultra
650 4093 808 4133 mare
836 4081 908 4133 ad
925 4080 1158 4134 Terram
1181 4080 1448 4135 Sanctam

246 4144 546 4218 profectis,
571 4150 912 4218 exemplum.
942 4150 1083 4206 Cum
1114 4152 1265 4206 enim
1289 4149 1446 4206 ultra

245 4223 531 4300 niarefflt
551 4219 839 4276 redeundo
872 4223 1024 4276 circa
1051 4235 1230 4291 mare,
1261 4222 1450 4277 adhuc

247 4292 411 4346 mter
440 4295 669 4360 ignotos
717 4296 923 4361 essent,
954 4293 1289 4362 semperin
1333 4292 1450 4346 Deo

246 4360 376 4420 solo
400 4374 563 4433 spem
589 4360 900 4434 habebant,
922 4369 980 4420 et
1004 4362 1148 4420 nihil
1162 4363 1232 4420 de
1257 4377 1451 4421 neces·

1576 520 1741 578 sariis
1774 518 1856 576 eis
1885 518 2208 575 deficiebat.
2238 520 2378 577 Cum
2407 528 2602 579 autum
2670 540 2768 582 er·-

1577 592 1862 648 venissent
1914 590 1990 647 ad
2057 590 2223 647 dulce
2293 593 2485 650 natale
2556 608 2621 651 so
2646 610 2768 668 um,

1578 661 1721 720 dixit
1771 677 1920 719 unus
1978 658 2131 717 inter
2184 678 2280 718 eos
2334 664 2407 719 ad
2455 662 2700 723 alterum
2749 686 2769 723 ε

1579 735 1744 791 Modo
1774 732 2029 805 pericula
2054 734 2356 805 evasimus,
2391 736 2525 806 quia
2552 736 2675 808 jam
2707 737 2769 795 in

1579 811 1738 862 terra
1792 810 2012 873 nostra,
2048 809 2104 861 et
2159 807 2308 861 inter
2352 814 2515 864 notos
2542 823 2762 868 sumus·

1580 878 1649 933 Et
1674 891 1802 933 cum
1830 873 1911 932 sic
1925 883 2207 946 ponerent
2232 892 2389 946 spem
2416 877 2477 934 in
2504 879 2759 945 homine,

1579 948 1914 1017 inceperunt
1937 947 1996 1002 in
2040 948 2373 1004 necessariis
2399 949 2665 1021 deficere,
2707 958 2767 1008 et

1580 1019 1854 1091 maJorem
1886 1019 2032 1089 passi
2063 1025 2192 1075 sunt
2245 1021 2544 1089 penuriam
2587 1037 2762 1096 quam

1579 1097 1751 1146 antea
1778 1091 1938 1158 passi·
1972 1089 2222 1146 fuerant.
2694 1150 2700 1157 ,

1654 1183 1688 1235 9
1743 1161 1942 1219 Vlc‘rus
1996 1175 2035 1217 Α
2082 1177 2547 1218 Ρωευῐοᾼτοιιωσε
2592 1180 2764 1221 Acciri

1582 1246 1804 1288 rorssr.
1833 1264 1890 1274 --
1923 1233 1992 1287 Et
2022 1234 2175 1303 quia,
2203 1232 2621 1303 quodammodo
2650 1250 2764 1290 nu-

1581 1303 1683 1358 dos
1741 1309 1799 1359 et
1851 1302 2141 1372 expeditos
2199 1304 2272 1359 ad
2340 1303 2766 1374 praedicandum

1582 1373 1887 1444 discipulos
1913 1374 2188 1429 Dominus
2216 1371 2464 1443 miserat,
2494 1375 2764 1431 severita-

1579 1449 1696 1499 tem
1749 1444 2012 1515 praecepti
2063 1444 2121 1498 in
2177 1444 2435 1514 sequenti
2484 1446 2768 1504 sententia

1581 1516 1943 1585 temperavit,
1975 1514 2169 1569 dicens
2199 1534 2212 1570 ;
2250 1517 2464 1583 Dionos
2501 1521 2582 1577 est
2618 1519 2765 1574 enim

1581 1588 1892 1658 operarius,
1925 1586 1981 1641 id
2012 1587 2094 1640 est
2124 1586 2479 1655 praedicator,
2512 1587 2609 1658 qui
2638 1604 2769 1660 ope·

1581 1664 1747 1713 ratur
1764 1673 1904 1728 opus
1926 1654 2048 1726 Dei,
2075 1658 2147 1712 ad
2167 1655 2470 1714 utilitatem
2499 1659 2761 1729 proximi,

1582 1729 1700 1785 cibo
1728 1744 1849 1793 suo,
1878 1729 1935 1784 id
1964 1736 2049 1784 est
2094 1727 2426 1784 necessariis
2461 1732 2535 1785 ad
2566 1730 2764 1799 vitam,

1581 1801 1720 1871 quia
1746 1801 1804 1855 in
1835 1801 1963 1856 cibo
2005 1799 2345 1871 intelligitur
2378 1801 2551 1857 etiam
2589 1798 2764 1857 vesti·

1583 1877 1838 1928 mentum
1891 1876 1947 1927 et
2001 1871 2372 1941 domicilium,
2400 1872 2523 1927 sine
2559 1871 2767 1943 quibus

1582 1943 1851 1999 decenter
1880 1958 1997 1999 non
2038 1943 2180 1999 vivit
2206 1959 2385 2012 genus
2420 1944 2760 2002 humanum.

1579 2014 1748 2080 Quasi
1799 2015 1881 2070 eis
1935 2014 2088 2070 dicat
2135 2032 2149 2069 ε
2208 2015 2447 2070 Tantum
2503 2016 2765 2087 accipite,

1577 2090 1856 2155 quantum
1887 2085 1945 2139 in
1972 2083 2125 2140 victu
2155 2091 2211 2139 et
2242 2085 2448 2140 vestitu
2473 2087 2636 2142 vobis
2658 2101 2765 2142 ne-

1577 2155 1887 2215 cessarium
1918 2161 2020 2210 est.
2053 2155 2443 2212 UndePaulus
2468 2156 2768 2226 Apostolus

1573 2227 1853 2297 replicat:
1910 2226 2207 2283 ordinavit
2247 2230 2414 2281 Deus·
2437 2229 2536 2297 qui
2577 2230 2767 2283 Evan-

1572 2300 1779 2367 uelium
1797 2300 2111 2353 annuntiari
2119 2299 2231 2365 ι,ἀιι
2242 2300 2544 2367 Ευαηῃεῖίο
2560 2300 2761 2356 vivere.

1572 2370 1644 2424 Et
1670 2370 1875 2426 iterum
1905 2388 1923 2425 ε
1951 2370 2225 2425 Habentes
2248 2373 2454 2425 victum
2482 2373 2534 2425 et
2562 2370 2767 2441 quibus

1572 2446 1846 2509 teqamur,
1876 2442 1965 2496 his
1995 2445 2232 2496 contenti
2258 2457 2466 2497 sumus.
2500 2440 2643 2498 Hinc
2674 2448 2762 2498 est

1575 2513 1729 2585 quod
1759 2513 2033 2569 diaconus
2062 2516 2317 2583 procedit
2346 2531 2378 2569 a
2408 2514 2570 2582 presb
2635 2529 2757 2583 er0,

1618 2585 1735 2641 uasi
1764 2585 1963 2640 missus
1990 2601 2024 2639 a
2054 2587 2316 2653 Domino,
2347 2586 2568 2654 adprae
2610 2585 2763 2640 ican-

1573 2600 1709 2712 3um
1734 2655 2123 2728 Evangelium‚
2140 2658 2229 2712 cui
2256 2656 2638 2712 subdiaconus
2651 2654 2764 2711 fert

1569 2728 1834 2800 pulvinar
1861 2744 1973 2799 quo
2025 2727 2171 2783 liber
2198 2731 2545 2783 sustentatur
2568 2744 2587 2797 3
2626 2726 2763 2799 quia

1575 2800 1675 2855 alii
1726 2798 1935 2855 debent
1956 2799 2386 2869 praedicatorem
2414 2802 2757 2853 sustentare.

1570 2872 1785 2937 Diqnus
1844 2875 1924 2925 est
1975 2873 2119 2924 enim
2173 2872 2461 2939 operarius
2515 2867 2758 2924 mercede

1571 2957 1697 3009 sua,
1717 2954 1827 2994 non
1851 2939 2208 2994 solummodo
2227 2947 2463 3001 aeterna,
2495 2953 2625 3007 quae
2666 2936 2761 2992 de-

1576 3012 1740 3067 betur
1766 3010 1824 3063 in
1850 3009 2055 3079 patria,
2091 3010 2164 3062 ad
2194 3008 2754 3077 remunerationem;

1571 3082 1673 3137 sed
1737 3080 1910 3136 etiam
1962 3079 2287 3147 temporali.
2346 3093 2474 3149 quae
2514 3077 2753 3133 debetur

1569 3152 1632 3207 in
1688 3151 1798 3219 via,
1859 3150 1933 3207 ad
1989 3149 2482 3220 sustentationem,
2539 3147 2760 3206 scilicet

1570 3222 1935 3280 convenienti
1981 3222 2155 3292 victu,
2188 3238 2255 3279 ac
2280 3222 2507 3292 vestitu,
2540 3228 2598 3278 et
2650 3222 2750 3279 do-

1568 3293 1803 3351 micilio,
1840 3295 1941 3349 Hic
1996 3299 2081 3348 est
2134 3294 2336 3365 duplex
2387 3295 2592 3366 bonor,
2644 3310 2758 3366 quo

1568 3365 1726 3438 digni
1758 3370 1889 3422 sunt
1941 3365 2038 3436 qui
2088 3366 2237 3423 bene
2287 3373 2558 3437 praesunt.
2589 3367 2754 3435 Nam,

1566 3437 1885 3493 secundum
1920 3436 2265 3509 Greqorium,
2305 3455 2522 3496 merces
2552 3438 2759 3509 praedi-

1566 3509 1808 3565 cationis
1840 3509 1956 3580 ‘hic
2016 3511 2339 3573 inchoatur,
2399 3518 2456 3566 et
2504 3512 2563 3565 in
2612 3509 2755 3565 coelo

1566 3579 1896 3650 perficitur,
1927 3582 2064 3650 quia
2093 3580 2191 3637 uni
2218 3587 2407 3636 nostro
2437 3578 2595 3652 operi
2627 3579 2754 3634 duae

1563 3654 1855 3708 mercedes
1894 3652 2195 3719 debentur,
2228 3668 2340 3706 una
2381 3654 2438 3706 in
2471 3652 2587 3718 via,
2621 3663 2750 3719 quae

1563 3738 1668 3779 nos
1703 3724 1760 3779 in
1801 3722 1997 3778 labore
2030 3728 2349 3786 sustentat;
2396 3720 2602 3775 aliavin
2652 3733 2751 3787 pa-

1560 3795 1691 3861 tria,
1730 3808 1856 3864 quae
1887 3807 1990 3848 nos
2028 3795 2083 3848 in
2113 3791 2530 3848 resurrectione
2570 3802 2761 3844 remu·

1560 3867 1745 3920 nerat.
1802 3865 1971 3933 Erg0,
2004 3864 2103 3935 qui
2159 3877 2269 3916 non
2303 3865 2596 3930 operatur,
2649 3873 2758 3915 nec

1561 3933 1834 4003 laborat3
1883 3948 1999 3987 non
2062 3932 2388 4000 manducet,
2428 3946 2532 3986 nec
2603 3944 2757 3985 mer·-

1564 4005 1763 4061 cedem
1823 4004 2030 4075 exigat.
2099 4004 2238 4057 Ecce
2316 4007 2493 4072 qu'are
2547 4000 2756 4071 praeci-
2849 4059 2853 4063 ,

1565 4076 1649 4147 pit
1681 4075 1761 4130 eis
1782 4074 1934 4140 nihil,
1950 4074 2123 4145 ferre,
2149 4071 2283 4142 quia
2308 4071 2518 4127 ommia
2542 4070 2758 4129 deben-

1562 4152 1657 4202 tur
1713 4147 1794 4202 eis
1853 4162 1954 4216 pro
2010 4145 2227 4201 labore.
2282 4145 2361 4199 De
2407 4145 2539 4215 jure
2598 4143 2754 4201 enim

1562 4218 1813 4274 naturali
1843 4223 1950 4285 est,
1984 4225 2042 4275 et
2080 4217 2294 4279 divino,
2328 4231 2394 4272 ac
2430 4215 2606 4273 etiam
2640 4214 2749 4273 hu-

1565 4304 1760 4360 mano,
1792 4293 1854 4345 ut
1881 4291 1993 4346 illis
2023 4289 2122 4359 qui
2151 4289 2406 4344 serviunt
2442 4285 2755 4345 communi-

1565 4362 1672 4418 tati
1697 4360 1759 4419 in
1789 4361 2190 4436 spiritualibus
2213 4376 2233 4432 3
2264 4360 2486 4419 scilicet
2519 4361 2581 4418 in
2607 4360 2753 4418 divi-
