3146 5023
404 357 481 409 DE
536 350 1033 407 lMPEDlMENTlS
1086 353 1593 406 PERFECTIONIS
1648 355 1724 407 ΕΤ
1779 353 2093 413 SEQUELAE
2148 355 2448 411 CHRISTI.
2611 359 2665 411 61

211 463 285 520 sic
310 466 367 519 te
397 461 680 518 confitear
709 459 906 527 corde,
939 474 1060 527 ore,
1084 462 1138 513 et
1172 475 1204 514 o
1248 474 1345 514 ere
1375 474 1569 515 coram
1605 457 1932 515 hominibus
1963 456 2021 514 in
2053 458 2243 524 terrie,
2280 461 2431 531 quod
2459 464 2542 526 tu.
2575 478 2666 519 se-

211 534 447 592 cundum
489 530 839 604 promissum
863 534 1044 597 tuum,
1089 545 1192 585 con
1216 528 1413 585 itearis
1463 546 1552 586 me
1586 546 1777 586 coram
1808 532 1976 587 Patre
2006 536 2102 587 tuo
2133 530 2190 585 in
2232 531 2409 601 coelis,
2443 530 2538 589 ubi
2569 536 2668 590 tua

207 605 405 677 pietate
434 608 493 660 et
523 600 942 671 misericordia,
975 616 1102 656 cum
1131 600 1353 657 Sanctis
1382 606 1438 656 et
1469 601 1664 656 electis
1690 600 1804 657 tuis
1834 601 2127 673 percipere
2178 618 2406 659 merear
2429 602 2660 674 gaudia,

205 693 300 749 per
323 681 398 745 te,
432 676 591 733 bone
620 676 783 742 Jesu,
816 671 899 728 sic
923 671 1325 730 confitentibus
1354 671 1725 743 repromissa.
1756 673 1959 729 Amen.

1202 987 1479 1062 CAPUT
1536 991 1678 1061 LIV

372 1220 456 1263 DE
483 1216 845 1271 QUIBUSDAM
877 1215 1305 1260 mEnmssN‘rls
1346 1215 1766 1261 PERFECTIONIS
1796 1216 1872 1261 ET
1912 1216 2194 1271 SEQm-:LAE
2234 1218 2488 1264 CHRISTI.

777 1382 1032 1441 Matthaei
1058 1399 1180 1457 cap.
1207 1386 1275 1454 X,
1307 1388 1367 1442 et
1392 1387 1556 1441 Lucae
1588 1401 1713 1459 cap.
1742 1387 1839 1442 XII
1867 1390 1926 1443 et
1961 1389 2101 1444 XIV.

266 1608 288 1643 1
326 1586 418 1641 DE
444 1599 573 1638 mma
598 1600 654 1637 IN
668 1598 881 1636 'mmmm
898 1593 1053 1636 iusso
1084 1598 1389 1637 PRAEsmirm

194 1673 447 1713 meone
472 1656 763 1709 Passmrus
793 1653 1032 1707 Cnmsrr.
1065 1684 1123 1693 —
1158 1655 1226 1707 Et
1259 1652 1392 1723 quia

195 1727 481 1785 Dominus
512 1728 679 1782 Jesus
726 1723 897 1779 valde
941 1739 1045 1778 nos
1090 1722 1304 1792 dilexit,
1336 1727 1393 1779 et

193 1798 271 1856 ita
299 1799 488 1856 etiam
520 1795 680 1865 diligi
714 1795 834 1849 vult
863 1803 897 1850 a
918 1793 1103 1862 nobiS,
1134 1794 1264 1849 ideo
1297 1810 1391 1850 ve-

191 1868 555 1926 hementiam
594 1865 807 1922 amoris
854 1881 1021 1936 quem
1061 1864 1271 1936 expetit
1300 1882 1392 1921 os-

193 1942 470 2008 tendens,
520 1943 939 2006 consequenter
966 1936 1275 2006 subjungit,
1308 1935 1393 1991 di-

193 2028 330 2069 cens
357 2031 376 2066 ε
419 2014 633 2079 Ignem,
673 2006 884 2062 scilicet
922 2006 1195 2074 divinum,
1224 2007 1282 2063 id
1309 2012 1395 2062 est

194 2084 491 2139 fervorem
520 2077 766 2150 Spiritus
789 2078 1078 2146 Sancti,ac
1101 2077 1393 2133 caritatem

196 2154 294 2211 Dei
308 2158 370 2210 et
383 2149 652 2223 proximi,
668 2151 814 2213 veni,
868 2165 930 2204 er
942 2149 1394 2205 lncarnationem

195 2229 419 2281 mittere
448 2226 513 2277 in
544 2226 771 2281 temam,
795 2219 811 2274 i
882 2219 1044 2275 estin
1069 2219 1395 2275 hominibus

196 2297 266 2353 ad
296 2290 809 2363 consumptionem
835 2296 1218 2361 peccatorum,
1236 2297 1292 2346 et
1314 2290 1396 2345 in-

194 2364 576 2423 novationem
627 2361 980 2430 animarum3
1015 2367 1066 2416 et
1089 2363 1227 2431 quid
1252 2364 1393 2429 vole,

192 2441 309 2494 nisi
346 2441 436 2504 ut,
491 2432 783 2489 mediante
821 2432 1137 2487 sufflatorio
1191 2431 1395 2487 divinae

191 2504 623 2582 inspirationiS,
673 2504 761 2559 vel
813 2509 1043 2560 secrctae
1077 2502 1395 2560 meditatio-

195 2580 310 2649 nis»,
351 2577 712 2639 accendatur,
751 2574 810 2630 id
849 2579 937 2631 est
972 2575 1170 2631 ardeat
1207 2580 1261 2630 et
1298 2591 1396 2630 au-

198 2653 553 2723 gmentetur,
581 2645 716 2718 quia
739 2646 946 2702 caritas
962 2651 1212 2701 meretur
1227 2661 1398 2714 auge-

196 2723 270 2793 ri,
289 2725 355 2778 ut
379 2723 551 2776 aucta
576 2722 864 2773 mereatur
879 2717 1072 2787 pertici
1090 2717 1117 2772 ⁶?
1138 2717 1297 2772 Unde
1320 2716 1399 2771 ait

202 2794 509 2861 Greqorius
546 2806 560 2843 t
607 2810 636 2839 «
668 2788 823 2858 Ignis
855 2787 1062 2859 quippe
1100 2790 1157 2842 in
1187 2793 1398 2843 terram

200 2862 476 2928 mittitur,
513 2874 642 2915 cum
694 2875 797 2930 per
836 2859 1102 2914 ardorem
1159 2858 1399 2930 Spiritus

202 2932 399 2991 Sancti
430 2932 630 2987 afflata
674 2936 904 2985 terrena
938 2946 1100 2985 mens
1131 2946 1165 2985 a
1192 2944 1395 2986 carna-

202 3006 357 3062 libus
409 3000 714 3058 desideriis
802 3001 919 3056 suis
978 3006 1395 3056 concrematur.

205 3078 498 3134 Succensa
526 3079 718 3128 autem
776 3087 811 3126 a
868 3071 1146 3143 spirituali
1204 3086 1399 3127 amore

204 3147 420 3204 malum
450 3144 605 3215 quod
635 3142 768 3199 fecit
792 3143 1029 3215 plangit,
1053 3147 1109 3197 et
1139 3143 1218 3198 sic
1240 3144 1402 3198 ardet

206 3215 624 3287 terra,quando
637 3219 936 3270 accusante
951 3231 1009 3270 se
1027 3212 1398 3281 conscientia,

209 3305 305 3346 cor
340 3284 664 3360 peccatoris
710 3285 771 3341 in
820 3286 1014 3341 dolore
1053 3284 1402 3356 poenitentiae

209 3362 632 3416 concrematur.
661 3377 690 3407 »
724 3357 884 3412 Unde
913 3358 1060 3412 Beda
1095 3373 1124 3413 :A
1149 3377 1176 3407 «
1209 3358 1402 3428 Ignem

209 3430 417 3503 quippe
440 3428 580 3484 dicit
612 3427 852 3499 Spiritus
877 3427 1068 3484 Sancti
1093 3428 1400 3493 fervorem,

214 3501 309 3574 qui
348 3503 575 3556 secreta
620 3499 807 3554 cordis
854 3498 1180 3554 illuminans
1218 3496 1400 3552 conti-

211 3572 337 3628 nuis
353 3570 607 3626 motibus
617 3569 691 3625 ad
711 3585 956 3640 superna
972 3569 1404 3640 provocat,vitia

212 3640 690 3712 concupiscentiae
745 3640 992 3696 carnalis
1022 3639 1180 3710 quasi
1213 3639 1405 3720 spinas

209 3713 568 3782 tribulosque
588 3710 887 3779 comburit,
908 3727 1080 3767 aurea
1100 3709 1405 3766 Dommicae

213 3784 425 3842 domus
450 3798 586 3837 vasa
614 3784 911 3854 probando
942 3782 1224 3849 meliorat,
1247 3788 1302 3836 et
1334 3780 1404 3835 li-

214 3869 393 3926 gnum
422 3854 663 3921 soenum,
695 3853 1073 3925 stipulamque
1102 3853 1403 3908 consumit.

213 3928 279 3982 Et
317 3924 417 4006 qui
463 3925 536 3980 ob
582 3925 690 3980 hoc
720 3925 905 3980 solum
947 3924 1018 3979 de
1064 3922 1192 3979 sinu
1223 3922 1406 3978 Patris

214 3995 380 4065 exivi,
417 4000 479 4051 et
497 3994 627 4051 veni
655 3995 716 4050 in
746 3995 1041 4064 mundum,
1063 3999 1122 4050 ut
1143 3993 1407 4049 homines

215 4083 250 4125 a
294 4064 546 4123 terrenis
594 4065 997 4137 cupiditatibus
1035 4064 1110 4121 ad
1154 4062 1411 4120 coelestia

214 4136 505 4195 desideria
540 4137 906 4204 succendam,
929 4135 1065 4207 quid
1095 4135 1222 4191 volo
1252 4134 1407 4191 aliud

216 4224 387 4281 quam
417 4212 486 4264 ut
509 4208 680 4278 hujus
700 4207 952 4263 incendii
979 4208 1152 4277 jubar
1173 4210 1408 4262 cunctas

215 4279 414 4339 mundi
446 4280 648 4353 plagas
678 4279 938 4348 illustret,
971 4279 1139 4351 hujus
1174 4279 1407 4333 flamma

1497 1582 1837 1652 devotioniS,
1896 1599 2073 1655 usque
2130 1583 2190 1640 in
2245 1584 2420 1641 finem
2480 1587 2672 1657 seculi,

1497 1653 1752 1710 fidelium
1801 1670 2026 1726 semper
2072 1661 2344 1727 augescat
2393 1655 2452 1712 in
2482 1657 2676 1727 corde,

1498 1740 1685 1795 neque
1722 1724 1835 1781 ullo
1864 1726 2200 1796 infidelium,
2242 1729 2324 1784 vel
2379 1728 2676 1799 fluctuum,

1499 1796 1883 1865 exstinguatur
1947 1798 2175 1856 incursu
2229 1800 2312 1855 vel
2382 1800 2518 1855 flatu
2552 1801 2580 1856 ‘?
2644 1822 2674 1851 »

1501 1868 1623 1922 haec
1650 1869 1818 1922 Beda.
1854 1870 2010 1925 Unde
2035 1870 2208 1926 etiam
2249 1874 2404 1938 Huqo
2434 1872 2502 1926 de
2529 1873 2679 1929 San-

1500 1941 1827 1994 cto-Victore
1858 1956 1872 1994 ε
1931 1960 1959 1991 α
1993 1941 2263 1997 Homines
2301 1942 2498 2012 gratiae
2544 1947 2679 1999 sunt

1500 2007 1557 2064 hi
1592 2008 1687 2079 qui
1717 2024 1819 2078 per
1846 2009 2253 2079 aspirationem
2276 2013 2516 2081 Spiritus
2541 2015 2679 2070 San-

1501 2079 1575 2135 cti
1616 2085 1750 2134 sunt
1803 2078 2123 2152 illuminati,
2158 2088 2218 2136 ut
2269 2084 2480 2137 bonum
2525 2083 2679 2153 quod

1500 2149 1825 2206 faciendum
1864 2155 1948 2205 est
1987 2158 2330 2221 agnoscant;
2361 2157 2418 2207 et
2448 2158 2577 2209 sunt
2602 2155 2681 2208 in-

1503 2218 1798 2283 flammati,
1831 2225 1895 2276 ut
1916 2221 2152 2291 diligant
2180 2240 2192 2277 ι
2227 2244 2254 2272 »
2280 2223 2400 2278 haec
2420 2226 2599 2292 Huqo.
2623 2222 2681 2280 Si

1502 2308 1640 2362 ergo
1661 2296 1718 2347 te
1738 2307 1773 2348 a
1792 2290 1942 2347 vitiis
1957 2294 2306 2365 purgaveriS,
2321 2295 2597 2352 accendes
2619 2294 2682 2353 in

1500 2368 1556 2418 te
1582 2363 1773 2444 ignem
1789 2362 1962 2419 divini
1982 2364 2220 2434 amoris;
2246 2365 2290 2421 si
2323 2366 2680 2423 dulcedinem

1506 2434 1682 2490 divim
1734 2434 1943 2490 amoris
2007 2437 2065 2492 in
2117 2442 2173 2492 te
2213 2438 2460 2508 perfecte
2488 2444 2681 2509 gusta·

1505 2505 1677 2574 veriS,
1710 2506 1779 2562 de
1808 2506 2103 2564 dulcedine
2123 2509 2422 2580 temporali
2447 2526 2563 2564 non
2593 2525 2685 2564 cu·

1507 2577 1680 2633 rabis,
1713 2580 1781 2632 Et
1828 2578 2015 2634 subdit
2042 2584 2261 2650 tempus
2293 2579 2577 2635 missionis
2604 2579 2682 2635 is-

1506 2648 1619 2703 tius
1654 2647 1823 2719 igniS,
1865 2647 1998 2719 quia
2046 2667 2160 2706 non
2189 2651 2516 2721 perficietur
2561 2651 2684 2721 ejus

1507 2718 1702 2774 missio
1730 2720 1911 2775 donec
1941 2720 2060 2792 ipse
2090 2737 2290 2792 passus
2312 2721 2498 2777 suerit.
2524 2721 2684 2777 Unde

1508 2788 1874 2860 prosequitur
1915 2807 1928 2844 ε
1967 2795 2250 2862 Baptismo
2298 2799 2479 2846 autem
2516 2793 2683 2845 habeo

1507 2859 1666 2931 prius
1702 2861 1997 2928 baptizari,
2029 2862 2087 2916 id
2114 2866 2218 2929 est,
2248 2860 2559 2916 secundum
2583 2863 2684 2915 Be-

1509 2932 1666 2997 dam,
1686 2928 1978 2997 sanguinis
1995 2930 2208 3000 proprii
2230 2930 2505 2984 tinctione
2527 2928 2685 2999 prius

1510 3002 1693 3057 habeo
1728 2999 2006 3068 perfundi,
2038 3005 2094 3054 et
2125 2999 2207 3053 sic
2237 2999 2410 3053 corda
2446 3000 2687 3055 creden-

1510 3072 1654 3128 tium
1681 3067 1923 3139 Spiritus
1952 3069 2084 3140 igne
2119 3069 2498 3139 inflammare,
2534 3071 2688 3142 quod

1511 3147 1599 3199 est
1633 3140 1822 3197 dicere
1856 3156 1870 3194 ε
1903 3142 2228 3212 Antequam
2259 3141 2479 3197 mittam
2506 3141 2684 3215 Spiri-

1509 3218 1657 3282 tum,
1697 3210 1846 3267 dabo
1887 3228 1978 3268 me
2019 3214 2483 3285 crucifigendum.
2527 3214 2687 3274 Unde

1509 3284 1785 3355 scriptum
1825 3288 1940 3339 est:
1980 3287 2390 3345 Nondum'erat
2434 3289 2685 3358 Spiritus

1511 3357 1698 3426 datus,
1732 3356 1868 3423 quia
1889 3358 2046 3412 Jesus
2073 3359 2315 3413 nondum
2343 3361 2550 3427 fuerat,
2578 3374 2683 3432 per

1462 3457 1463 3460 η
1510 3427 1987 3484 resurrectionem
2002 3434 2056 3485 et
2071 3429 2683 3501 Passionisvictoriam,

1510 3501 1871 3567 qlorificatus.
1892 3500 2033 3567 Quia
2055 3502 2206 3557 enim
2230 3501 2425 3557 Passio
2452 3500 2685 3570 Christi,

1512 3585 1683 3640 quam
1722 3584 1787 3623 ex
1839 3586 2048 3642 magna
2090 3572 2326 3628 caritate
2373 3587 2476 3642 pro
2519 3569 2686 3627 nobis

1512 3638 1801 3708 sustinuit,
1832 3647 1919 3697 est
1955 3644 2261 3698 maximum
2307 3641 2557 3697 caritatis
2594 3640 2683 3695 in-

1513 3711 1820 3779 centivum,
1870 3712 1999 3766 ideo
2035 3712 2171 3767 dicit
2209 3727 2268 3766 se
2309 3711 2467 3781 prius
2496 3708 2683 3780 bapti-

1513 3798 1637 3838 smo
1657 3781 2077 3853 baptizandum,
2099 3781 2445 3850 baptismum
2467 3779 2560 3834 hic
2584 3794 2686 3849 ap-

1516 3853 1736 3923 pellans
1777 3849 2112 3906 effusionem
2159 3856 2216 3905 et
2262 3850 2570 3905 tincturam
2600 3850 2689 3907 sui

1516 3920 1810 3992 sanguinis
1838 3920 1896 3975 in
1927 3935 2029 3975 sua
2059 3920 2333 3975 Passione
2360 3919 2686 3989 benedicta,

1517 4010 1586 4049 ex
1651 4009 1724 4048 uo
1751 3989 2073 4062 Baptismus
2103 3995 2159 4046 et
2187 3989 2300 4045 alia
2329 3996 2692 4047 sacramenta

1516 4009 1786 4120 Eccclesiae
1849 4062 2065 4117 habent
2122 4059 2456 4117 efficaciam.
2515 4059 2689 4129 Quasi

1518 4134 1668 4190 dicat
1697 4152 1710 4189 ε
1748 4136 1818 4189 Ut
1856 4131 2005 4204 ignis
2049 4132 2155 4189 iste
2187 4133 2548 4203 accendatur,
2577 4149 2690 4204 quo

1520 4222 1555 4262 a
1606 4206 1748 4262 meis
1788 4202 1981 4261 omnia
2021 4209 2247 4262 terrena
2281 4203 2689 4276 despiciantur,

1522 4276 1886 4350 respersione
1935 4277 2153 4352 proprii
2211 4275 2507 4349 sanguinis
2558 4292 2691 4351 per·
