3146 5023
439 365 529 423 ³20
1118 372 1341 426 PRIMAE
1394 372 1631 425 PARTls
1687 371 1889 425 CAPUT
1945 370 2238 426 LXXXIX

442 494 660 547 eorum,
692 492 942 547 egressus
968 477 1100 532 inde
1127 479 1305 543 JesuS,
1350 474 1570 532 scilicet
1599 492 1634 532 a

441 549 698 622 partibus
725 550 1077 617 Judaeorum,
1118 546 1260 604 abiit
1284 550 1342 601 et
1373 551 1538 603 cessit
1570 551 1632 603 in

439 627 631 691 partes
664 624 799 690 Tyri
822 626 873 675 et
904 621 1155 687 sidonis,
1188 624 1246 674 ut
1286 619 1491 699 Tyrios
1529 618 1630 675 Si—

444 691 755 762 doniosque
795 696 1043 758 curaret,
1072 695 1131 745 et
1186 688 1507 746 Gentilibus
1535 691 1630 746 be-

449 779 522 819 ne
539 764 768 819 faceret.
786 764 964 832 Tyrus
988 760 1137 816 enim
1163 764 1220 815 et
1250 758 1424 816 Sidon
1456 762 1632 817 urbes

446 835 677 889 suerunt
714 833 1170 889 Chananaeorum
1200 836 1257 887 et
1294 830 1625 901 Gentilium,

440 903 564 959 sitae
584 908 774 959 tamen
790 903 849 958 in
872 907 1029 958 terra
1046 900 1470 974 promissioniS,
1499 917 1627 973 pro·

441 989 513 1048 pe
545 981 797 1031 montem
825 973 1044 1042 Libani,
1076 976 1135 1029 in
1188 973 1359 1029 corde
1404 972 1581 1029 maris
1609 992 1623 1043 ;

442 1045 578 1117 quia
605 1045 709 1101 filii
742 1045 919 1101 Israel
947 1061 1065 1101 non
1097 1048 1408 1116 potueruut
1441 1044 1626 1101 totali-

442 1121 532 1173 ter
560 1117 843 1188 expellere
874 1121 930 1172 et
954 1114 1331 1173 exterminare
1372 1115 1627 1173 Gentiles

442 1188 514 1245 de
543 1195 697 1245 terra
719 1187 1217 1259 promissioniS.Et
1238 1203 1371 1251 ecce,
1390 1202 1517 1242 cum
1541 1185 1626 1242 in-

441 1276 674 1331 gressus
705 1265 857 1316 esset
887 1258 1163 1315 Dominus
1224 1259 1495 1314 uamdam
1524 1260 1623 1315 do-

439 1348 594 1388 mum
619 1347 791 1388 causa
820 1329 1029 1402 quietis
1054 1346 1121 1387 ex
1149 1330 1203 1385 la
1247 1345 1343 1386 ore
1371 1329 1498 1399 viae,
1531 1346 1620 1386 ac-

443 1403 611 1458 cessit
626 1404 696 1458 ad
719 1418 849 1458 eum
868 1404 1067 1457 mulier
1091 1400 1330 1458 Gemilis
1347 1417 1463 1457 non
1487 1402 1620 1458 edo-

440 1478 532 1530 cta
544 1490 650 1556 per
675 1474 988 1545 Prophetas
998 1478 1054 1529 et
1066 1474 1293 1543 Legem,
1310 1474 1616 1529 chanan-zea

438 1551 692 1614 natione,
735 1544 1170 1617 Syrophoenissa
1199 1559 1409 1613 genere
1436 1560 1450 1612 ;
1481 1546 1616 1615 quia

438 1616 745 1674 Chananaei
763 1616 1106 1687 quandoque
1122 1614 1341 1686 Syriam
1356 1620 1414 1671 et
1442 1616 1609 1671 Phoe-

439 1687 621 1744 nicem
651 1689 947 1751 tenebant,
966 1697 1030 1743 ut
1051 1686 1273 1742 dicatur
1299 1687 1612 1756 Syrophoe-

439 1758 615 1826 nissa,
639 1758 772 1829 quia
798 1774 833 1814 a
859 1760 1014 1828 Syris
1038 1761 1096 1813 et
1125 1755 1489 1813 Phoenicibus
1515 1757 1610 1813 de-

437 1831 767 1897 scenderat;
804 1828 967 1900 Syria
1014 1827 1222 1898 quippe
1279 1833 1367 1882 est
1396 1843 1609 1884 nomen

435 1899 706 1971 generale
744 1897 1072 1972 provincias,
1116 1896 1347 1954 Phoenis
1396 1914 1609 1955 nomen

436 1970 733 2042 cujusdam
764 1969 1027 2041 specialis
1058 1974 1388 2037 contractae,
1420 1968 1480 2024 in
1510 1969 1611 2026 illa

433 2040 726 2114 provincia
753 2041 1105 2110 sitae,etideo
1134 2038 1494 2122 componitur
1516 2043 1612 2114 Sy-

433 2112 814 2195 rophoenissa,
855 2112 912 2168 id
952 2118 1038 2168 est
1070 2113 1141 2169 de
1181 2111 1279 2167 tah
1319 2117 1612 2169 contracta

434 2187 699 2242 oriunda.
727 2188 859 2241 Haec
887 2200 1024 2256 ergo
1050 2182 1254 2239 mulier
1287 2183 1611 2241 Chananaea

433 2273 470 2311 a
490 2259 694 2326 finibus
719 2259 836 2312 illis
863 2272 1100 2325 ear-essa,
1131 2272 1245 2311 non
1268 2256 1449 2311 solum
1473 2270 1507 2310 a
1536 2255 1610 2311 ci-

436 2326 702 2384 vitatibus
736 2343 838 2398 pro
864 2333 1225 2397 peccatorum
1250 2325 1604 2396 dimissione,

431 2401 529 2452 sed
550 2412 585 2452 a
611 2396 823 2452 finibus
843 2412 946 2467 per
965 2395 1407 2466 elongationem,
1434 2402 1491 2451 et
1516 2413 1608 2453 oc-

433 2467 727 2524 casionum
754 2466 1106 2535 vitationem,
1125 2464 1263 2537 quia
1285 2465 1436 2523 istud
1455 2465 1514 2523 in
1535 2468 1603 2525 fi—

430 2540 599 2596 nibus
628 2544 855 2611 gestum
884 2544 970 2595 est
995 2537 1320 2600 Gentilium.
1349 2538 1447 2595 ubi
1476 2555 1602 2597 mu-

429 2610 534 2667 lier
558 2613 905 2682 sequebatur
929 2614 1145 2668 Jesum.
1184 2609 1385 2666 Mulier
1411 2626 1447 2666 a
1473 2610 1603 2667 fini-

428 2682 538 2739 bus
559 2682 693 2752 illis,
717 2682 931 2739 scilicet
949 2681 1253 2739 Gentilium
1269 2687 1327 2737 et
1345 2687 1602 2754 peccato-

427 2769 577 2823 rum,
609 2770 860 2825 egressa,
887 2752 1171 2824 significat
1196 2755 1448 2809 animam
1473 2769 1601 2825 pec-

429 2824 697 2882 catricem
754 2841 790 2882 a
838 2824 1050 2882 finibus
1097 2829 1455 2895 peccatorum
1494 2840 1599 2896 per

428 2896 819 2969 poenitentiam
841 2911 902 2953 se
918 2900 1287 2953 avertentem.
1301 2897 1423 2951 Non
1445 2895 1597 2952 enIm

426 2968 636 3025 sufficit
663 2968 878 3026 homini
906 2985 941 3025 a
966 2966 1215 3040 peccatis
1235 2983 1295 3023 se
1313 2972 1594 3037 avertere,

425 3039 534 3096 nisi
556 3046 725 3098 etiam
740 3045 903 3097 exeat
921 3056 956 3096 a
979 3038 1190 3096 finibus
1203 3044 1594 3110 peccatorum,

426 3112 521 3183 qui
562 3118 692 3169 sunt
721 3127 1045 3169 occasiones
1069 3109 1340 3183 peccandi
1372 3115 1428 3166 et
1452 3127 1597 3167 cau-

423 3199 521 3238 sae.
556 3185 716 3240 Unde
750 3186 1102 3251 Auqustinus
1131 3202 1149 3237 .·
1199 3204 1221 3233 α
1255 3180 1420 3238 Fines
1450 3198 1597 3254 pec-

420 3258 676 3308 catorum
705 3254 856 3310 exire
878 3259 966 3310 est
999 3270 1201 3309 causas
1230 3262 1593 3325 pcccatorum

422 3322 767 3390 exscindere,
800 3329 858 3379 et
895 3339 1093 3379 eorum
1133 3324 1594 3395 suggestionibus

421 3392 638 3450 aditum
665 3410 778 3449 non
816 3393 1136 3464 indulgere.
1170 3414 1199 3447 »
1234 3394 1338 3451 Ubi
1379 3401 1590 3451 notan·

422 3466 578 3530 dum,
605 3465 756 3537 quod
781 3464 1009 3535 quando
1035 3479 1208 3535 supra
1236 3464 1374 3521 dixit
1404 3465 1593 3522 Domi-

420 3553 531 3594 nus
561 3556 575 3595 :
605 3541 669 3594 In
720 3540 869 3593 viam
919 3535 1172 3593 Gentium
1205 3551 1274 3592 ne
1316 3538 1591 3607 abieritis,

421 3609 637 3667 scilicet
680 3611 752 3668 ad
796 3605 1242 3681 praedicandum,
1274 3604 1430 3663 istud
1459 3623 1592 3664 ver-

419 3683 556 3740 bum
593 3681 860 3755 prohibet
897 3678 1308 3748 invitationem,
1340 3694 1459 3735 non
1493 3696 1589 3737 re-

419 3753 761 3826 ceptionem,
795 3751 843 3809 si
871 3750 1171 3833 venirent3
1211 3750 1361 3808 unde
1393 3752 1590 3809 Domi-

419 3842 528 3882 nus
555 3826 854 3882 mulierem
881 3830 1127 3881 exterius
1155 3840 1273 3880 non
1302 3822 1591 3894 invitavit,

418 3897 520 3953 sed
550 3898 874 3954 venientem
907 3894 1144 3968 recepit,
1172 3900 1230 3953 et
1266 3896 1376 3951 hoc
1407 3895 1590 3967 signi-

417 3969 625 4026 ficatur
679 3967 740 4025 in
793 3969 1047 4026 adventu
1106 3971 1423 4038 Magorum,
1456 3967 1592 4037 quia

421 4041 662 4098 Domino
690 4045 821 4097 sunt
866 4037 1078 4112 recepti
1121 4038 1281 4111 quasi
1326 4038 1593 4111 primitiae

420 4112 706 4170 Gentium.

521 4205 550 4240 2
591 4186 753 4240 ans
782 4200 847 4238 m·
876 4200 1163 4239 comvnssm
1211 4200 1374 4239 nnius
1402 4199 1593 4238 uume-

419 4272 525 4311 1us,
576 4286 646 4297 ·-
676 4257 788 4311 Ista
835 4254 987 4310 enim
1035 4254 1239 4310 mulier
1278 4255 1487 4309 samam
1532 4259 1605 4309 et*

416 4324 692 4380 miracula
719 4328 856 4381 Jesu
881 4325 1172 4382 audiverat
1201 4341 1215 4393 ;
1246 4322 1374 4380 ideo
1405 4323 1586 4381 firmi-

1752 481 1840 534 ter
1857 479 2127 535 credebat
2150 478 2301 550 quod
2321 477 2499 534 filiam
2516 493 2682 534 suam
2714 497 2958 538 sanare
2997 546 3006 555 ,

1750 553 1993 620 poterat.
2008 550 2166 606 Unde
2191 552 2474 616 clamavit,
2487 551 2681 606 dicens
2708 555 2769 606 ei
2791 571 2807 608 ε
2825 556 2923 609 Mi
2939 583 2957 594 ·

1749 636 1924 676 serere
1946 621 2226 691 mei,quia
2244 620 2455 677 misera
2482 637 2635 689 sum;
2658 621 2809 678 etin
2826 625 2953 680 hoc

1751 692 1902 761 quod
1926 691 2083 757 dicit,
2105 695 2232 760 mei,
2257 696 2424 764 patet,
2444 693 2827 750 vehementia
2853 696 2955 750 af·-

1749 762 2055 832 fectussui‚
2077 762 2213 834 quia
2238 763 2449 820 malum
2472 762 2755 834 alienum,
2779 766 2957 822 scili·

1749 838 1837 890 cet
1867 833 2021 903 filiae,
2043 839 2269 906 reputat
2297 850 2498 903 suum;
2532 836 2818 892 sicdebet
2854 838 2951 894 fa-

1747 920 1875 961 cere
1899 904 2169 975 praelatus
2194 904 2432 977 quilibet
2457 921 2596 977 erga
2617 907 2947 977 subditos;

1745 979 1989 1045 Domine,
2004 982 2238 1048 propter
2256 981 2518 1033 naturam
2542 975 2837 1047 divinam,
2853 983 2953 1050 fili

1744 1049 1945 1116 David,
1971 1053 2203 1121 propter
2226 1049 2557 1115 humanam,
2586 1049 2690 1104 sed
2706 1048 2903 1106 simul
2930 1068 2948 1106 2

1741 1120 1987 1186 Domine,
2041 1122 2128 1189 fili
2178 1120 2378 1186 David,
2430 1123 2662 1190 propter
2717 1136 2950 1191 perso-

1741 1205 1875 1245 nam
1905 1189 1965 1245 in
1998 1190 2221 1246 duabus
2242 1189 2463 1246 naturis
2500 1189 2737 1247 unitam.
2777 1193 2951 1259 Qua·

1740 1259 1790 1315 si
1819 1260 2034 1317 diceret
2063 1281 2080 1316 .-
2111 1263 2187 1317 Ex
2216 1260 2407 1316 divina
2452 1262 2629 1317 habes
2655 1266 2944 1333 potesta-

1737 1336 1876 1401 tem,
1905 1332 2038 1402 quia
2064 1337 2269 1404 potens
2298 1348 2379 1400 eS‚
2410 1331 2679 1400 Domine;
2708 1349 2783 1388 ex
2816 1335 2945 1392 hu-

1738 1419 1910 1459 mana
1943 1404 2314 1472 voluntatem,
2347 1403 2483 1474 quia
2520 1402 2696 1460 David
2736 1406 2947 1463 habes

1737 1475 2260 1543 mansuetudincm;
2295 1491 2361 1530 ex
2391 1473 2598 1530 unione
2630 1476 2946 1533 commis-

1735 1545 1978 1615 sionem,
1999 1546 2132 1617 quia
2147 1545 2274 1602 ideo
2295 1548 2443 1602 Deus
2458 1545 2636 1602 sactus
2652 1552 2740 1602 est
2763 1547 2944 1606 filius

1732 1617 1934 1687 David,
1992 1622 2053 1674 ut
2089 1633 2194 1672 nos
2223 1617 2422 1673 salvet.
2475 1616 2678 1673 Filium
2712 1625 2940 1677 autem

1733 1688 1912 1744 David
1959 1688 2229 1760 appellat,
2265 1690 2399 1759 quia
2450 1687 2738 1743 Christum
2780 1705 2936 1760 pro-

1733 1758 1966 1815 missum
1989 1762 2020 1816 J
2026 1760 2206 1815 udaens
2229 1758 2577 1815 descendere
2592 1759 2662 1814 de
2694 1775 2936 1829 genere

1731 1829 1911 1885 David
1940 1829 2257 1886 audiverat.
2287 1832 2496 1900 Magna
2524 1829 2670 1886 fides
2690 1831 2935 1889 Chana-

1731 1916 1871 1956 naeae
1903 1901 1996 1956 hic
2024 1907 2273 1970 notatur,
2301 1901 2435 1973 quia
2468 1915 2663 1957 verum
2705 1903 2934 1973 Deum,

1732 1978 1789 2027 et
1815 1988 2016 2028 verum
2041 1973 2332 2029 hominem
2351 1975 2382 2029 J
2388 1989 2544 2028 esum
2568 1972 2933 2043 confitetur,-

1731 2044 1908 2099 Deum
1962 2043 2163 2113 credit,
2194 2043 2294 2100 ubi
2338 2043 2640 2100 Dominum
2693 2051 2874 2100 vocat
2909 2067 2932 2102 .-

1730 2113 2023 2171 hominem
2053 2114 2252 2183 credit,
2283 2115 2381 2172 ubi
2406 2115 2587 2170 filium
2615 2113 2799 2170 David
2826 2116 2932 2171 di-

1729 2184 1825 2240 cit.
1860 2186 2008 2242 Nihil
2046 2203 2112 2241 ex
2138 2186 2341 2241 merito
2371 2185 2639 2256 postulat,
2670 2185 2776 2241 sed
2819 2203 2930 2243 so-

1729 2256 1847 2313 lum
1877 2256 1977 2313 Dei
2009 2255 2455 2312 misericordiam
2486 2257 2790 2324 efflagitat.
2823 2258 2924 2313 di-

1729 2343 1863 2384 cens
1894 2346 1906 2382 ε
1934 2326 2200 2382 Miserere
2231 2325 2362 2393 mei,
2395 2331 2500 2381 etc.
2537 2325 2709 2390 Quasi
2741 2327 2925 2384 dice-

1727 2407 1853 2454 ret:
1884 2400 2008 2453 Non
2040 2396 2223 2467 allego
2262 2395 2549 2463 meritum,
2590 2412 2708 2453 non
2760 2404 2921 2468 peto

1720 2468 2017 2541 judicium,
2051 2484 2164 2524 non
2213 2467 2515 2525 obliviscor
2560 2466 2858 2526 defectum
2898 2488 2916 2541 ;

1727 2541 1827 2598 sed
1854 2542 2077 2613 postulo
2106 2539 2474 2609 beneficium,
2506 2543 2565 2595 et
2591 2538 2718 2596 ideo
2752 2558 2767 2597 τ
2806 2543 2926 2598 Mi-

1724 2622 1918 2669 serere
1953 2611 2085 2669 mei.
2132 2612 2286 2669 Unde
2323 2611 2404 2667 ait
2442 2613 2860 2680 chrysostomus
2898 2630 2916 2669 2

1726 2682 2053 2740 «Miserere
2093 2682 2227 2750 mei,
2257 2684 2519 2752 Domine,
2567 2682 2647 2737 fili
2693 2682 2913 2740 David.

1722 2755 1766 2811 Ο
1794 2754 2072 2825 praeclara
2100 2753 2411 2810 confessio!
2444 2752 2808 2823 Evangelista
2839 2755 2918 2811 fit

1721 2825 1947 2895 mulier,
1979 2824 2251 2881 deitatem
2277 2826 2400 2895 ejus
2430 2828 2487 2880 et
2516 2824 2910 2896 dispensatio-

1719 2912 1854 2953 nem
1889 2896 2238 2953 annuntians
2267 2913 2282 2965 ;
2320 2896 2623 2951 confitetur
2650 2894 2809 2951 enim
2845 2901 2909 2952 et

1720 2968 2190 3037 dominationem,
2204 2966 2719 3023 etlncarnationem
2734 2968 2863 3036 ejus
2882 2985 2899 3024 ε

1720 3038 1989 3096 Miserere
2047 3038 2177 3094 mei.
2239 3038 2411 3095 Vides
2469 3036 2901 3118 philosophiam

1720 3110 1974 3166 mulieris
1995 3109 2234 3166 dicentis
2266 3126 2278 3165 ε
2310 3110 2578 3166 Miserere
2605 3125 2735 3165 mei.
2765 3110 2902 3165 Non

1717 3180 1923 3252 inquit,
1956 3183 2139 3238 habeo
2174 3180 2579 3237 conscientiam
2609 3182 2899 3237 bonorum

1718 3269 1978 3323 operum,
2008 3269 2111 3308 nec
2141 3259 2309 3308 rectae
2334 3251 2463 3307 vitae
2484 3250 2765 3306 fiduciam.
2801 3251 2895 3306 Ad

1718 3323 2167 3379 misericordiam
2217 3322 2507 3393 confugio,
2553 3322 2648 3379 ubi
2704 3325 2897 3377 cessat

1710 3394 2033 3466 judicium,
2072 3394 2144 3451 ad
2196 3392 2645 3450 misericordiam
2694 3393 2898 3448 confu-

1717 3465 1831 3536 gio,
1856 3464 1954 3522 ubi
1988 3464 2296 3521 ineffabilis
2323 3467 2476 3521 salus
2492 3469 2579 3521 est
2606 3482 2619 3520 ε
2656 3462 2896 3520 Misere-

1713 3553 1776 3592 re
1807 3535 1937 3592 mei.
1973 3534 2228 3591 Modicus
2258 3552 2470 3604 sermo,
2506 3537 2604 3591 sed
2634 3534 2893 3590 immen-

1716 3622 1841 3663 sum
1885 3605 2260 3677 benignitatis
2309 3606 2562 3668 continet
2597 3606 2841 3677 pelagus
2874 3623 2890 3675 3

1715 3677 1815 3736 ubi
1848 3677 2001 3736 enim
2026 3677 2415 3735 misericordia
2443 3679 2778 3749 postulatur,
2806 3675 2893 3734 ibi

1715 3749 1979 3807 universa
2009 3753 2423 3821 comprehensa
2467 3753 2598 3805 sunt
2626 3750 2778 3805 bona
2810 3764 2825 3803 t
2858 3771 2885 3798 n

1715 3822 1839 3879 haec
1866 3824 2295 3891 chrysostomus.
2325 3823 2413 3889 Et,
2440 3825 2505 3876 ut
2537 3818 2721 3890 magis
2750 3834 2890 3875 eum

1714 3894 1788 3950 ad
1819 3892 2271 3966 compassionem
2309 3895 2555 3960 moveat,
2599 3895 2785 3947 totum
2835 3890 2891 3946 ci

1715 3965 1970 4021 dolorem
2002 3971 2260 4032 enarrat,
2291 3962 2489 4019 dicens
2516 3980 2531 4017 ι
2562 3964 2711 4019 Filia
2737 3977 2887 4031 mea,

1705 4052 1831 4102 ¹non
1862 4035 2089 4103 ancilla,
2121 4051 2233 4092 non
2272 4039 2558 4098 extranea,
2598 4033 2697 4089 sed
2738 4031 2886 4102 filia,

1715 4109 1866 4179 quod
1898 4113 1981 4164 est
2005 4106 2144 4163 mihi
2173 4105 2423 4179 graviuS,
2450 4107 2593 4161 male
2619 4109 2886 4173 vescatur,

1681 4185 1684 4188 '
1713 4196 1826 4235 non
1855 4194 2209 4251 quocumque
2239 4177 2457 4246 dolore,
2489 4175 2589 4233 sed
2616 4193 2651 4231 a
2679 4176 2885 4231 daemo-

1712 4254 1825 4320 ni0‚
1859 4251 2010 4321 quod
2037 4257 2123 4307 est
2152 4248 2203 4305 ei
2276 4247 2626 4305 ericulosiuS.
2661 4248 2726 4302 In
2763 4262 2884 4317 quo

1713 4322 1947 4379 vulnera
1973 4320 2193 4378 medico
2261 4319 2456 4393 etegit,
2494 4323 2553 4377 et
2585 4316 2881 4390 magnitu-
