3146 5023
825 366 911 418 DE
964 366 1214 421 nomme
1268 370 1664 426 VULNERATO
1718 373 1756 424 A
1809 370 2262 424 LATRONIBUS.

382 477 418 531 5
473 474 743 541 Quouono
812 489 1183 531 nesromwu
1237 493 1361 533 run·
1426 495 1491 534 n

304 561 678 604 vumsnuuu
719 544 784 601 'nv
832 546 1048 601 Ammo.
1079 575 1150 588 —
1189 550 1263 604 Et
1288 550 1492 606 incidit

310 620 375 674 in
418 618 679 679 latrones,
722 617 781 672 id
822 624 910 672 est
950 615 1011 671 in
1042 622 1345 686 potestates
1379 621 1491 678 dae-

313 703 579 755 monum,
618 703 722 743 seu
764 685 824 742 in
853 687 1164 745 diabolicas
1194 691 1284 747 vel
1318 691 1490 748 etiam

313 760 600 817 humanas
655 757 1026 828 tentationes,
1065 758 1127 815 in
1168 777 1313 832 quos
1372 780 1492 820 non

316 829 635 897 incidisset,
664 827 776 886 nisi
805 828 965 901 prius
988 829 1144 887 intus
1173 835 1488 903 tumuisset3

312 918 453 969 vera
511 905 597 958 est
652 900 806 957 enim
864 901 1170 973 sententia,
1225 905 1421 962 dicens
1473 923 1488 961 ι

309 974 461 1030 Ante
495 975 717 1028 ruinam
773 975 1058 1028 eoealtatur
1106 990 1230 1041 σονς
1238 1016 1349 1033 .....
1392 979 1494 1059 qui

318 1047 490 1101 etiam
520 1044 969 1115 despoliaverunt
996 1060 1138 1110 eum,
1169 1052 1383 1103 vestem
1409 1064 1494 1103 1n-

313 1117 596 1173 nocentiae
626 1120 684 1170 et
710 1114 1188 1173 immutabilitatis
1240 1134 1341 1174 seu
1380 1117 1490 1175 im-

313 1185 705 1253 mortalitatiS‚
741 1201 843 1257 per
891 1188 1330 1257 fraudulentiam
1386 1206 1491 1246 au-

314 1257 575 1313 ferendo.
610 1259 776 1314 Veste
809 1257 1153 1316 innocentiae
1195 1277 1295 1317 seu
1344 1261 1492 1317 stola

354 1327 506 1384 rima
546 1327 778 1396 amissa,
812 1329 1076 1399 cognovit
1108 1347 1170 1387 se
1215 1347 1340 1388 esse
1373 1348 1516 1389 ·nu·.

357 1415 454 1456 um
479 1417 495 1467 ;
518 1399 811 1471 gloriaque
847 1400 1289 1459 immortalitatis
1307 1402 1494 1474 perdi-

311 1477 395 1538 ta,
414 1470 737 1541 pelliceum,
752 1473 859 1539 hpc
881 1476 966 1528 est
989 1474 1230 1529 mortale
1252 1473 1493 1544 sumpsit

317 1541 762 1609 indumentum;
796 1544 948 1599 unde
993 1546 1053 1600 in
1093 1543 1318 1617 signum
1345 1562 1492 1601 mor-

319 1612 562 1669 talitatis
591 1613 772 1668 induit
806 1616 953 1670 Deus
980 1614 1197 1686 primos
1226 1622 1490 1688 parentes

317 1683 544 1741 tunicas
584 1684 875 1765 pelliceaS‚
939 1701 1067 1756 quae
1121 1687 1193 1743 de
1249 1687 1489 1745 mortuis

315 1755 479 1829 fiunt„
505 1755 863 1813 animalibus.
899 1760 973 1812 Et
1010 1760 1200 1828 plaqis
1235 1765 1489 1830 peccato-

316 1841 446 1883 rum
476 1829 753 1897 impositis
778 1832 833 1884 et
865 1826 1055 1897 illatis,
1089 1829 1145 1884 id
1192 1836 1279 1886 est
1327 1836 1488 1886 natu-

317 1897 537 1954 ralibus
591 1914 695 1969 per
738 1903 1031 1969 peccatum
1070 1900 1379 1956 vulneratis
1431 1906 1488 1957 et

314 1968 649 2037 debilitatis,
683 1971 958 2034 abierunt,
997 1986 1111 2027 non
1157 1973 1230 2028 ab
1263 1971 1486 2028 insidiis

317 2041 621 2106 cessando,
642 2040 741 2096 sed
771 2057 867 2097 eas
887 2042 1222 2099 occultando
1253 2060 1266 2110 3
1298 2042 1483 2113 primo

313 2109 474 2168 enim
506 2110 852 2168 sensibiliter
884 2112 943 2168 in
984 2112 1170 2184 specie
1204 2114 1483 2185 serpentis

317 2181 581 2238 diabolus
610 2183 851 2254 decepit,
884 2185 985 2240 sed
1022 2188 1150 2255 post
1187 2185 1403 2241 occulte
1430 2191 1485 2241 et

316 2252 678 2311 invisibiliter
697 2255 964 2323 tentavit;
993 2258 1252 2311 semivivo
1268 2256 1478 2323 r'elict0,

317 2325 472 2396 quia,
516 2324 620 2381 etsi
663 2325 1059 2383 immortalitas
1094 2328 1260 2384 beata
1297 2333 1484 2399 potest

313 2395 550 2465 auferri,
584 2397 782 2454 oculus
811 2403 1004 2454 tamen
1033 2398 1272 2455 rationis
1303 2415 1485 2455 rema-

317 2472 417 2526 net
431 2467 747 2538 hominum,
770 2484 881 2540 quo
904 2472 1049 2527 Deus
1072 2475 1256 2541 potest
1275 2486 1483 2542 cogno-

313 2538 417 2596 sci.
444 2541 603 2597 Unde
625 2542 801 2597 Beda:
826 2566 846 2589 «ι
874 2542 1216 2599 Semivivum
1237 2542 1483 2613 relique-

318 2616 474 2679 runt,
525 2614 660 2682 quia
719 2612 1132 2671 beatitudinem
1181 2614 1313 2670 vitae
1373 2614 1485 2669 im-

319 2683 579 2739 mortalis
606 2700 831 2752 exui-re,
866 2686 964 2740 sed
994 2702 1110 2741 non
1140 2702 1372 2743 sensum
1399 2701 1486 2742 ra-

317 2752 492 2811 tionis
513 2756 741 2811 abolere
761 2756 1077 2813 valuerunt.
1105 2759 1181 2813 Ex
1201 2773 1313 2829 qua
1333 2760 1485 2813 enim

321 2831 484 2896 parte
536 2843 737 2898 sapere
793 2831 849 2883 et
907 2844 1247 2898 cognoscere
1310 2830 1486 2884 Deum

321 2900 527 2968 potest,
562 2898 718 2954 vivus
748 2904 834 2954 est
870 2899 1075 2967 hom03
1114 2916 1181 2955 ex
1210 2915 1321 2970 qua
1351 2915 1485 2955 vero

362 2967 569 3024 secatis
616 2970 983 3040 contabescit,
1017 2976 1073 3026 et
1103 2969 1332 3026 miseria
1388 2971 1486 3026 de-

366 3038 462 3108 cit,
498 3045 753 3095 mortuus
804 3039 955 3096 idem
1015 3040 1347 3112 letiferoque
1405 3045 1492 3097 est

322 3110 554 3167 vulnere
583 3111 841 3167 faedatus,
878 3132 906 3164 »
939 3112 1096 3168 Unde
1128 3117 1185 3168 et
1220 3114 1488 3182 Theophi-

325 3184 414 3238 lus
450 3200 464 3237 ε
502 3203 531 3233 «
571 3185 650 3239 Ac
702 3182 1006 3239 semivivus
1058 3182 1266 3239 dicitur
1319 3184 1490 3239 homo

320 3257 451 3325 post
484 3262 801 3324 peccatum,
838 3253 975 3325 quia
1016 3253 1212 3311 anima
1249 3253 1490 3310 immor-

324 3324 455 3380 talis
492 3330 600 3393 est,
636 3342 842 3397 corpus
894 3342 1029 3382 vero
1081 3326 1365 3393 mortale;
1413 3325 1495 3381 ita

321 3399 386 3452 ut
402 3396 678 3453 medietas
695 3396 941 3453 hominis
967 3398 1316 3454 succumbat.
1336 3417 1365 3447 »
1387 3398 1496 3452 Un-

328 3465 398 3522 de
447 3467 620 3523 etiam
676 3470 1028 3536 Anqustinus
1064 3488 1081 3524 ε
1116 3490 1146 3521 «
1179 3468 1494 3524 Semivivus

320 3538 479 3595 enim
517 3540 690 3595 habet
736 3539 965 3596 vitalem
1018 3544 1259 3609 motum,
1306 3539 1367 3595 id
1413 3544 1498 3596 est

331 3608 576 3666 liberum
611 3609 912 3666 arbitrium
960 3610 1344 3674 vulneratum,
1386 3626 1496 3682 quo

323 3679 397 3738 ad
424 3687 695 3737 aeternam
720 3681 914 3750 vitam,
953 3697 1122 3753 quam
1148 3683 1496 3755 perdiderat,

325 3751 514 3808 redire
557 3770 672 3809 non
704 3753 954 3820 valebat3
987 3758 1046 3809 et
1085 3752 1214 3810 ideo
1239 3754 1498 3823 ¹Jacebat,

329 3822 460 3892 quia
492 3823 637 3880 vires
674 3825 725 3878 ei
757 3823 1003 3896 propriae
1046 3824 1120 3880 ad
1149 3824 1502 3894 surgendum

329 3908 447 3949 non
477 3894 854 3962 sufficiebant,
883 3900 946 3952 ut
966 3896 1041 3952 ad
1069 3912 1131 3951 se
1160 3894 1501 3960 sanandum,

330 3964 633 4032 medicum,
667 3965 724 4021 id
763 3972 850 4022 est
873 3969 1072 4034 Deum,
1105 3965 1439 4038 requireret.
1470 3985 1529 4024 ».

332 4034 452 4103 Vel,
495 4035 830 4092 semivivum
880 4039 1260 4108 reliquerunt,
1315 4053 1504 4093 rema-

331 4111 501 4163 nente
546 4106 665 4163 vita
697 4116 938 4177 naturae,
980 4125 1096 4165 non
1134 4108 1250 4164 vita
1278 4107 1502 4178 gratiae,

319 4177 486 4249 juxta
537 4178 679 4234 illud
734 4180 986 4251 Apostoli
1042 4197 1056 4236 ε
1111 4183 1251 4238 Vivo
1302 4184 1502 4247 autem,

331 4248 546 4305 scilicet
606 4249 721 4305 vita
771 4257 1014 4322 naturae,
1062 4251 1188 4320 jam
1233 4266 1342 4306 non
1388 4266 1505 4319 eqo,

331 4318 551 4377 scilicet
596 4320 715 4377 vita
751 4324 975 4395 culpae3
1012 4325 1155 4381 vivit
1183 4338 1307 4380 vero
1336 4324 1397 4379 in
1424 4338 1510 4378 me

2690 373 2780 429 108

1603 479 1875 543 Chr-istm,
1905 476 2123 534 scilicet
2144 477 2259 534 vita
2286 477 2510 549 gratiae.
2544 479 2780 540 Fecerat

1603 548 1755 605 enim
1793 550 1945 606 Deus
1996 547 2291 605 hominem
2349 551 2424 619 act
2479 553 2779 620 imaqinem

1601 637 1780 685 suam,
1815 620 2127 677 secundum
2156 622 2481 689 rationem;
2511 623 2588 677 ad
2628 626 2782 680 simi-

1603 692 1895 747 litudinem
1940 708 2120 756 suam,
2170 692 2480 748 secundum
2527 691 2780 751 dilectio-

1603 778 1762 819 nem:
1782 768 1843 818 ut
1859 779 1961 835 per
1977 768 2281 834 utrumque
2298 764 2413 819 Deo
2429 764 2771 835 adhaereret,

1603 843 1660 890 et
1681 833 2009 891 inhaerendo
2030 836 2231 891 beatus
2250 838 2418 891 esset.
2448 835 2557 891 Sed
2582 835 2773 894 diabo-

1603 906 1688 960 lus
1705 906 1971 962 humanae
1987 905 2325 962 beatitudini
2341 904 2621 977 invidens,
2644 924 2774 964 con·

1601 981 1692 1032 tra
1714 977 1825 1032 duo
1847 978 1997 1033 bona
2017 976 2310 1048 praedicta,
2331 977 2443 1032 duo
2469 977 2689 1035 homini
2711 977 2775 1036 in

1603 1047 1869 1117 originali
1905 1047 2096 1104 intulit
2132 1047 2470 1119 principalia
2503 1049 2674 1106 mala.
2708 1052 2775 1108 111

1602 1135 1671 1174 eo
1702 1134 1948 1189 namque
1978 1118 2131 1190 quod
2169 1118 2348 1173 factus
2379 1125 2504 1174 erat
2531 1120 2604 1175 ad
2637 1120 2777 1177 ima·

1603 1188 1816 1260 ginem,
1848 1205 1948 1245 seu
1975 1189 2289 1245 secundum
2320 1189 2623 1258 rationem,
2660 1192 2779 1248 vul·

1608 1261 1826 1317 net-avit
1863 1277 1994 1317 eum
2033 1276 2137 1331 per
2175 1260 2561 1331 ignorantiam
2594 1260 2768 1331 boni;

1604 1332 1663 1386 in
1698 1347 1766 1388 eo
1796 1347 1931 1386 vero
1960 1331 2114 1404 quod
2163 1331 2344 1386 sactus
2383 1337 2469 1386 est
2501 1332 2575 1386 ad
2615 1330 2773 1387 slmi-

1604 1402 1906 1458 litudinem
1921 1402 2042 1470 Dei,
2061 1402 2374 1457 secundum
2389 1401 2776 1473 dilectionem,

1605 1472 1923 1529 vulneravit
1948 1489 2078 1529 eum
2117 1488 2222 1544 per
2255 1473 2775 1543 concupiscentiam

1604 1543 1757 1600 mali.
1802 1546 1982 1600 Homo
2037 1560 2172 1616 ergo
2216 1543 2550 1600 vulneratus
2601 1544 2772 1600 semi-

1603 1615 1762 1671 vivus
1798 1615 2027 1671 relictus
2053 1621 2158 1682 est,
2189 1631 2323 1685 quia
2354 1616 2457 1671 etsi
2491 1618 2549 1670 in
2574 1615 2775 1672 huma-

1601 1703 1675 1742 na
1729 1692 1934 1743 natura
1984 1689 2161 1757 possit
2216 1685 2407 1741 divina
2437 1686 2770 1757 similitudo,

1601 1773 1727 1827 quae
1781 1761 1839 1813 in
1881 1756 2185 1813 dilectione
2238 1762 2344 1825 est,
2387 1757 2613 1829 penitus
2646 1774 2772 1814 cor-

1600 1828 1825 1901 rumpi;
1861 1828 2055 1885 divina
2083 1834 2274 1884 tamen
2309 1827 2521 1899 imag0‚
2555 1846 2682 1900 quae
2715 1828 2777 1886 in

1599 1900 1820 1957 ratione
1871 1905 1975 1963 est,
2009 1917 2123 1958 non
2168 1903 2357 1971 potest
2407 1904 2633 1971 penitus
2685 1900 2779 1956 de-

1599 1971 1722 2026 leri.
1787 1971 2055 2039 Quamvis
2106 1971 2320 2027 etenim
2359 1976 2519 2027 tanta
2559 1971 2779 2041 malitia

1598 2044 1778 2113 possit
1827 2042 2001 2110 affici,
2057 2049 2119 2098 ut
2167 2042 2311 2097 nibil
2349 2043 2547 2113 diligat
2597 2043 2772 2111 boni3

1599 2129 1713 2168 non
1740 2119 1933 2169 tamen
1963 2112 2286 2180 ignorantia
2316 2118 2473 2167 tanta
2501 2112 2771 2177 eacaecari

1594 2188 1802 2255 potest,
1841 2191 1904 2241 ut
1925 2184 2067 2239 nihil
2099 2188 2401 2253 cognoseat
2433 2182 2570 2239 veri.

1666 2262 1698 2311 6
1728 2257 1865 2323 Qum
1915 2274 2017 2311 PER
2065 2272 2407 2311 SAcEnnorssu
2439 2273 2503 2309 ET
2543 2271 2774 2311 Luvrru

1595 2345 2076 2384 Psnrnmsuunrns
2113 2344 2482 2382 smmi-icarus
2509 2328 2536 2381 ἱ)
2570 2357 2639 2368 -
2674 2327 2771 2383 Sar

1594 2400 1795 2456 cet-dos
1832 2404 2024 2456 autem
2058 2403 2115 2455 et
2136 2398 2329 2459 Levita
2363 2398 2785 2455 descendentes·

1595 2471 1796 2529 eadem
1815 2471 1928 2540 via,
1957 2470 2079 2528 viso
2106 2470 2346 2543 spoliato
2370 2475 2426 2526 et
2451 2472 2770 2540 vulneram,

1594 2543 2021 2615 praeterierunt,
2063 2548 2119 2599 et
2156 2542 2287 2597 vitae
2327 2542 2627 2614 praesentis
2660 2548 2773 2598 sta-

1596 2620 1720 2670 tum
1759 2619 1893 2671 tunc
1947 2619 2140 2670 sancte
2190 2613 2431 2669 vivendo
2469 2612 2774 2684 pertransi-

1598 2691 1807 2752 erunt3
1837 2685 1938 2741 sed
1967 2686 2279 2741 humanum
2318 2700 2498 2755 genus
2528 2700 2630 2755 per
2664 2684 2775 2740 cul-

1598 2773 1730 2829 pam
1749 2758 2109 2812 vulneratum
2133 2754 2366 2812 minime
2384 2759 2733 2812 sanaverunt
2756 2772 2770 2811 ε

1600 2828 1733 2898 quia
1760 2828 2141 2884 sacerdotium
2173 2827 2334 2897 Legis
2363 2832 2419 2883 et
2448 2828 2572 2897 ejus
2604 2824 2774 2880 mini-

1601 2897 1839 2953 sterium
1870 2903 2102 2967 peccata
2132 2914 2247 2952 non
2282 2901 2645 2973 curaverunt,
2675 2894 2775 2951 sed

1602 2969 1784 3024 solum
1814 2967 2204 3023 osteiderunt.
2240 2965 2592 3035 Impossibile
2622 2963 2776 3020 enim

1602 3044 1723 3096 erat
1746 3036 2024 3109 sanguine
2049 3036 2374 3094 vitulorum.
2391 3040 2448 3089 et
2468 3050 2774 3105 agnorum,

1601 3116 1657 3167 et
1714 3108 2025 3176 hircorum,
2066 3105 2281 3164 auferri
2329 3111 2560 3177 peccata
2589 3104 2774 3161 homi-

1602 3198 1757 3238 num.
1799 3182 1920 3250 Vel,
1959 3180 2227 3236 sacerdos
2265 3185 2321 3234 et
2358 3176 2530 3233 levita
2564 3176 2777 3234 intelli-

1601 3261 1813 3326 guntur
1843 3254 1953 3308 Lex
1976 3257 2033 3308 et
2056 3250 2393 3323 prophetiae,
2426 3266 2553 3320 quae
2590 3248 2776 3306 homi·

1603 3341 1734 3380 nem
1766 3340 1880 3379 non
1903 3327 2269 3391 sanaverunt,
2302 3323 2399 3379 sed
2431 3326 2664 3393 peccata
2691 3338 2779 3379 os·

1603 3396 1915 3452 tenderunt
1943 3400 1999 3452 et
2031 3395 2543 3467 reprehenderunt.

1676 3491 1706 3540 7
1739 3469 1876 3535 Qum
1907 3487 2007 3524 pan
2023 3469 2409 3525 SAuAnrrANtm
2440 3482 2779 3522 Saccumum·

1604 3558 1729 3597 Tau.
1763 3571 1828 3582 --
1881 3543 2270 3598 Samaritanus
2322 3544 2503 3592 autem
2550 3537 2780 3616 quidam

1606 3614 1713 3667 iter
1747 3614 1980 3678 faciens,
2011 3610 2068 3666 id
2112 3615 2199 3665 est
2230 3607 2488 3666 Christus
2518 3622 2613 3676 qui
2653 3621 2780 3661 am-

1610 3698 1733 3737 mas
1761 3681 2007 3738 custodit
2052 3697 2155 3752 per
2189 3676 2626 3742 humanitatem,
2658 3691 2780 3755 mo-

1613 3759 1808 3808 menta
1834 3751 1965 3806 vitae
1994 3751 2164 3821 hujus
2190 3764 2446 3816 currenS,
2488 3761 2591 3817 pro
2618 3746 2784 3801 nob1s

1616 3821 1771 3877 enim
1794 3822 1974 3876 factus
1992 3826 2079 3875 est
2100 3820 2271 3876 homo
2295 3819 2354 3874 in
2382 3815 2613 3884 mundo,
2636 3817 2788 3896 venit

1615 3908 1767 3948 secus
1794 3908 1937 3954 eum,
1987 3889 2045 3945 id
2076 3896 2161 3946 est
2202 3890 2581 3954 vulneratum,
2630 3902 2782 3956 quia,

1617 3967 1678 4018 in
1711 3961 2139 4018 similitudinem
2178 3962 2456 4015 hominum
2493 3959 2699 4027 factus,
2738 3962 2791 4013 et

1620 4035 1815 4089 habitu
1848 4037 2104 4100 inventus
2142 4037 2248 4099 est,
2301 4034 2362 4085 ut
2400 4031 2593 4109 hoin03
2739 4031 2792 4083 et

1620 4106 1815 4160 videns
1862 4120 2003 4167 eum,
2050 4103 2211 4159 oculo
2255 4101 2595 4181 clementiae,
2626 4101 2790 4155 mise-

1620 4178 1866 4233 ricordia
1882 4181 2061 4233 motus
2076 4180 2174 4234 est,
2194 4190 2259 4230 ex
2282 4186 2701 4254 compasslone..
2721 4174 2796 4229 Et

1621 4253 1964 4321 appropians
2006 4245 2225 4304 homini
2268 4244 2582 4308 vulnerato,
2626 4258 2796 4301 mise·

1623 4321 1862 4378 rationis
1883 4319 2249 4388 exhibitione,
2279 4318 2540 4385 alligavit
2562 4316 2793 4373 vulnera
