3146 5023
903 353 976 407 m:
1032 352 1397 408 PRoBATmA
1456 355 1715 411 luscum
1770 358 1848 411 ET
1901 346 2347 415 mmmmm).

413 461 537 518 sine
586 463 781 518 nostro
832 474 1117 517 consensu
1166 460 1407 517 salutem
1465 479 1582 520 non

412 532 591 591 dabit.
623 532 971 589 Etfaciliter
1000 548 1167 588 conse
1210 533 1364 588 uitur
1409 535 1582 592 homo

2787 362 2879 415 247

1692 480 1810 520 non
1843 465 2077 535 habent,
2110 465 2255 523 etin
2293 467 2495 524 semita
2526 465 2764 540 justitiae
2802 484 2870 525 ac

1692 537 1976 592 bonorum
2021 555 2255 609 operum
2303 556 2530 610 gressus
2572 555 2688 596 non
2727 540 2865 596 diri-

408 606 635 661 veniam
671 621 706 661 a
741 606 880 673 Deo,
948 603 1176 660 dummo
1220 620 1253 659 o
1311 606 1466 677 velit,
1525 612 1585 664 et
1692 611 1858 679 gunt,
1889 607 1977 664 vel
2019 611 2136 679 qui,
2188 625 2317 679 quae
2368 610 2557 666 vident
2617 611 2866 682 operari,

409 677 633 734 obicem
666 692 781 732 non
809 681 1002 746 ponat.
1034 677 1101 730 Et
1130 675 1256 730 ideo
1285 675 1580 735 inexcusa-

407 749 549 805 biles
587 755 721 804 sunt
767 752 1093 818 peccatores
1141 746 1415 804 voluntati
1464 751 1579 806 Do-

404 819 569 892 mini,
588 825 647 877 et
671 836 786 877 suae
810 819 979 876 saluti
998 833 1111 874 non
1141 821 1577 892 consentientes,

406 890 562 963 quia,
593 896 656 948 ut
677 892 816 948 dicit
839 891 1191 960 Auqustinus
1217 909 1235 945 .·
1271 912 1300 942 «
1326 892 1432 959 Qui
1463 908 1583 950 cre·

404 962 521 1044 avit
565 969 640 1032 te,
682 964 802 1021 sine
839 968 936 1033 te3
979 977 1097 1019 non
1128 962 1464 1035 justificabit
1498 970 1578 1039 te,

401 1050 525 1091 sine
555 1040 630 1091 te.
664 1053 695 1089 »

476 1111 508 1162 6
546 1108 752 1164 Sensus
785 1121 1015 1162 uoaAms
1060 1121 1377 1164 sANAnoms
1411 1124 1579 1167 rm-

405 1195 599 1237 m'nm.
635 1208 706 1219 -
735 1178 1043 1242 Moraliter,
1083 1179 1374 1248 probatica
1410 1180 1579 1307 pisci·-

405 1265 500 1314 na,
533 1251 590 1308 id
635 1256 723 1307 est
759 1248 923 1306 ovilis
971 1250 1030 1305 in
1078 1265 1195 1320 qua
1237 1265 1372 1308 oves
1440 1267 1575 1309 ava-

405 1320 636 1393 bantur,
664 1337 791 1394 quae
825 1319 885 1385 in
915 1320 1192 1377 sacrificio
1222 1323 1340 1378 Deo
1378 1322 1581 1379 offere-

402 1393 636 1464 bantur,
655 1393 1144 1450 conversationem
1166 1391 1423 1465 designat
1450 1409 1579 1451 san-

405 1472 577 1535 ctam,
611 1472 668 1521 et
706 1464 1031 1536 religiosam
1060 1480 1074 1532 ;
1109 1463 1169 1519 in
1200 1480 1312 1535 qua
1353 1465 1578 1523 lavatur

402 1538 614 1604 anima,
657 1551 784 1608 quae
833 1535 952 1591 ovis
985 1535 1154 1591 debet
1196 1550 1315 1592 esse
1350 1552 1453 1618 per
1491 1537 1576 1593 in-

400 1608 747 1676 nocentiam,
774 1613 837 1663 ut
885 1606 1163 1662 offeratur
1201 1608 1441 1663 Domlno
1468 1623 1576 1683 per

399 1681 791 1749 operationem
824 1678 1055 1735 bonam.
1078 1679 1263 1735 Habet
1283 1679 1390 1735 ista
1414 1681 1575 1749 pisci-

398 1764 474 1806 na
506 1750 756 1821 quinque
774 1750 1042 1822 porticuS,
1068 1758 1298 1822 propter
1318 1752 1570 1823 quinque

394 1836 593 1879 sensus
631 1821 902 1892 corporis,
941 1836 1043 1891 per
1070 1838 1210 1894 quos
1242 1824 1427 1879 omnis
1466 1839 1568 1879 no-

396 1898 513 1949 stra
538 1895 687 1950 actio
713 1893 786 1951 ad
811 1893 1100 1964 effectum,
1122 1910 1222 1950 seu
1249 1894 1568 1964 profectum

395 1964 639 2021 ducitur.
681 1967 743 2021 ln
773 1965 862 2021 his
889 1969 1103 2035 autem,
1133 1965 1191 2020 id
1222 1971 1307 2020 est
1336 1966 1396 2021 in
1424 1982 1567 2024 sen—

396 2035 552 2092 sibus
581 2036 803 2106 nostris,
836 2036 989 2109 jacet
1022 2035 1322 2092 multitudo
1360 2051 1569 2108 magna

397 2106 807 2177 languentium,
831 2107 966 2178 quia
993 2106 1284 2177 multiplex
1320 2113 1406 2163 est
1431 2123 1566 2163 cor-

395 2180 584 2249 ruptio
634 2193 904 2235 sensuum
957 2179 1354 2249 corporalium.
1382 2178 1566 2247 Quot-

396 2255 531 2321 quot
568 2250 741 2320 enim,
782 2251 838 2306 in
881 2247 1070 2321 aliquo
1106 2265 1298 2314 sensu,
1342 2249 1566 2306 illicitos

393 2323 678 2391 appetitus
716 2321 841 2394 quis
887 2322 1078 2392 habet,
1126 2326 1213 2376 tot
1260 2322 1319 2376 in
1358 2322 1564 2378 eodem

391 2407 559 2459 sensu
598 2393 934 2466 languentes
969 2393 1244 2449 continet.
1281 2394 1463 2464 Aqua,
1505 2393 1564 2449 in

392 2479 562 2536 quam
608 2464 863 2538 languidi
911 2466 1279 2536 sanabantur,
1333 2463 1562 2536 signifi-

392 2542 483 2592 cat
520 2538 1010 2607 compunctionem
1054 2535 1271 2606 cordis;
1311 2535 1562 2607 Angelus

389 2623 524 2664 vero
541 2606 785 2676 Domini,
805 2607 900 2679 qui
918 2609 1180 2665 movebat
1193 2623 1421 2678 aquam,
1443 2608 1562 2677 Spi-

390 2679 558 2736 ritum
602 2680 891 2738 Sanctum.
930 2677 1177 2750 Angelus
1207 2678 1432 2735 Domini
1463 2678 1560 2735 de-

391 2750 699 2808 scendebat
725 2751 782 2808 in
852 2750 1108 2814 iscinam‚
1144 2755 1202 2807 et
1228 2751 1563 2807 movebatur

389 2837 557 2894 aqua,
589 2830 646 2879 et
671 2839 810 2880 sana
853 2829 980 2880 atur
1010 2823 1295 2891 infirmus;
1330 2823 1411 2878 sic
1439 2821 1561 2893 Spi-

388 2894 532 2949 ritus
552 2895 792 2951 Sanctus
808 2893 1030 2965 quoties
1046 2895 1104 2950 in
1125 2909 1226 2948 nos
1243 2893 1555 2958 descendit,

390 2968 449 3019 et
480 2966 540 3020 in
576 2964 739 3022 nobis
771 2967 975 3021 excitat
1004 2963 1245 3037 gratiam
1276 2979 1557 3035 compun-

389 3032 612 3106 ctioniS,
624 3041 858 3093 sanatur
868 3036 1316 3105 nosteranimus,
1327 3037 1413 3091 vel
1433 3050 1557 3092 sen·

387 3120 480 3163 sus
500 3122 536 3163 a
556 3122 797 3179 quacum
841 3124 911 3164 ue
928 3107 1213 3163 detinetur
1229 3106 1558 3164 infirmitate

386 3178 788 3250 corruptionis.
849 3178 968 3236 irca
985 3177 1395 3235 istosinfirmos
1414 3194 1558 3249 prae-

383 3248 565 3307 dictos
581 3255 812 3308 notatur
834 3249 1019 3309 morbi
1047 3249 1360 3306 diversitas,
1377 3250 1555 3307 Omne

385 3321 541 3378 enim
569 3327 886 3405 peccatum,
926 3327 1026 3379 aut
1049 3321 1115 3377 fit
1142 3337 1246 3393 per
1289 3320 1555 3379 inertiam

383 3397 440 3449 et
468 3393 768 3465 desidiam,
782 3400 880 3451 aut
902 3409 1006 3466 per
1033 3392 1437 3465 ignorantiam,
1456 3397 1578 3450 aut-

381 3479 484 3535 per
518 3465 909 3523 infirmitatem
956 3467 1285 3534 humanam,
1316 3468 1415 3520 aut
1451 3479 1555 3535 per

384 3540 597 3592 certam
621 3537 918 3606 malitiam,
945 3540 1043 3593 aut
1066 3552 1169 3608 per
1192 3534 1555 3593 consuetudi-

382 3622 513 3661 nem
533 3607 784 3677 longam.
809 3607 893 3663 Illi
910 3607 1006 3678 qui
1063 3610 1260 3664 eccant
1286 3623 1387 3679 per
1406 3606 1556 3662 iner-

382 3676 519 3732 tiam
532 3677 899 3745 etdesidiam,
911 3676 1028 3733 inte
1052 3678 1304 3750 liguntur
1321 3692 1425 3749 per
1437 3677 1554 3733 lan-

381 3747 605 3818 guidos,
631 3747 726 3819 qui
748 3749 1024 3819 languent
1043 3753 1276 3822 propter
1303 3747 1554 3818 inopiam

380 3823 437 3875 et
477 3818 758 3875 defectum
791 3818 990 3890 gratiae
1029 3823 1085 3875 et
1130 3817 1286 3876 boni.
1328 3818 1413 3874 Illi
1454 3819 1553 3890 qui

379 3893 615 3961 peccant
625 3890 1141 3963 perignorantiam‚
1158 3888 1555 3961 intelliguntur

421 3977 485 4017 er
508 3977 686 4017 caecos
710 3978 723 4017 ε
792 3961 884 4018 uia
911 3960 1047 4018 caeci
1074 3967 1205 4018 sunt
1234 3960 1330 4032 qui
1359 3962 1554 4018 lumen

426 4031 515 4089 dei
554 4048 670 4089 non
700 4034 774 4089 ha
817 4037 937 4102 ent,
973 4032 1063 4089 vel
1091 4032 1187 4105 qui
1220 4048 1328 4089 nec
1356 4032 1554 4090 Domi-

379 4119 520 4159 num
550 4120 658 4160 nec
695 4105 818 4177 eJus
864 4103 1134 4161 mandata
1180 4108 1550 4175 cognoscunt.

380 4174 462 4230 llli
496 4174 591 4247 qui
621 4181 859 4247 peccant
887 4191 990 4248 per
1016 4174 1410 4233 infirmitatem
1442 4176 1550 4232 hu-

380 4261 641 4317 manam,
681 4247 1072 4320 intelliguntur
1122 4263 1226 4319 per
1268 4247 1500 4305 claudos
1534 4263 1548 4302 ε

382 4318 567 4375 claudi
596 4319 749 4377 enim
773 4325 906 4377 sunt
922 4320 1018 4392 qui
1043 4318 1272 4377 firmum
1291 4333 1553 4392 gressum

1689 694 1807 735 non
1837 682 2091 752 possunt.
2126 679 2212 736 llli
2243 680 2340 751 qui
2369 686 2608 752 peccant
2637 698 2735 752 per
2752 697 2870 740 ma-

1690 749 1894 820 litiam,
1924 750 2316 822 intelliguntur
2344 767 2446 823 per
2467 752 2662 809 aridos
2685 771 2700 809 :
2723 754 2871 811 tales

1688 820 1843 878 enim
1890 821 2121 879 arefacti
2178 825 2314 879 sunt
2360 824 2432 880 ab
2473 825 2711 881 humore
2736 840 2867 895 gra-

1689 893 1785 950 tiae
1820 895 1991 966 atque
2021 893 2324 951 voluntatis
2351 894 2518 951 bonae
2551 912 2566 952 z
2596 910 2731 951 nam
2759 894 2870 953 ari-

1688 963 1747 1021 di
1772 972 1925 1036 sunt,
1949 963 2066 1037 qui,
2093 964 2372 1037 quidquid
2390 969 2585 1038 agant,
2603 964 2726 1023 sine
2746 967 2869 1036 pin-

1690 1035 1938 1107 guedine
1972 1035 2227 1093 caritatis
2255 1040 2393 1093 sunt
2429 1041 2487 1094 et
2533 1041 2865 1164 operantur,

1688 1108 1778 1164 vel
1818 1109 1913 1179 qui
1945 1108 2004 1163 in
2033 1108 2185 1165 bona
2211 1106 2458 1177 actione,
2496 1124 2564 1166 ve
2613 1107 2867 1166 eleemo-

1690 1193 1960 1261 synarum
1992 1177 2296 1252 largitione
2330 1194 2537 1236 manus
2581 1195 2699 1236 non
2733 1192 2867 1250 por-

1689 1255 1904 1323 rlgunt.
1937 1250 2024 1308 Illi
2049 1250 2149 1323 qui
2179 1256 2415 1322 peccant
2432 1266 2535 1323 per
2564 1258 2863 1308 consuetu-

1687 1322 1883 1378 dinem
1912 1320 2309 1390 inveteratam,
2340 1321 2740 1394 intelliguntur
2763 1338 2867 1394 per

1685 1393 2001 1463 infirmum,
2033 1392 2130 1466 qui
2172 1393 2409 1465 triginta
2440 1400 2568 1450 octo
2599 1409 2779 1451 annos
2802 1392 2864 1450 in

1686 1465 2020 1522 infirmitate
2061 1481 2164 1522 sua
2202 1466 2469 1523 habebat.
2509 1465 2642 1522 Ideo
2670 1470 2862 1522 autem

1688 1535 1943 1593 Christus
1963 1536 2154 1608 potius
2166 1539 2389 1595 sanavit
2402 1536 2572 1593 istum
2585 1538 2863 1593 invetera-

1685 1610 1829 1677 tum,
1852 1624 2024 1679 quam
2042 1610 2287 1680 aliquem
2310 1624 2543 1678 caecum,
2570 1607 2858 1691 claudum,
2947 1654 2956 1667 .

1685 1680 1773 1735 vel
1822 1678 2067 1749 aridum,
2107 1681 2182 1736 ad
2232 1679 2588 1738 innuendum
2624 1679 2778 1750 quod
2809 1696 2859 1737 ει

1684 1752 1833 1808 Deus
1877 1751 2183 1822 aliquando
2216 1750 2492 1824 justificat
2541 1750 2855 1825 hominem,

1683 1821 1780 1897 qui
1812 1824 2067 1893 peccavit
2095 1839 2199 1894 per
2226 1822 2695 1880 consuetudinem
2725 1822 2851 1878 lon-

1680 1909 1832 1965 gam,
1860 1910 1979 1950 non
2003 1893 2176 1952 debet
2194 1896 2499 1967 desperare
2522 1892 2727 1965 aliquis
2754 1895 2853 1965 qui

1680 1967 1956 2036 peccavit,
1980 1970 2078 2022 aut
2099 1982 2203 2049 per
2224 1966 2523 2036 desidiam,
2550 1970 2610 2022 ut
2629 1966 2855 2037 langui-

1678 2038 1822 2104 dus3
1853 2040 1951 2093 aut
1980 2053 2082 2106 per
2107 2037 2515 2109 ignorantiam,
2536 2041 2599 2093 ut
2627 2053 2811 2094 caecus
2837 2055 2854 2105 ;

1675 2111 1775 2164 aut
1804 2108 2335 2179 perinfirmitatem,
2365 2113 2427 2165 ut
2448 2108 2719 2176 claudus;
2750 2113 2851 2164 aut

1676 2194 1777 2249 per
1806 2178 2101 2249 malitiam,
2133 2184 2194 2234 ut
2221 2180 2435 2237 aridus„
2468 2179 2627 2247 Quod
2654 2186 2847 2235 autem

1673 2265 1823 2306 unus
1849 2254 2070 2306 tantum
2104 2256 2338 2307 sanatur
2375 2250 2448 2306 de
2480 2249 2847 2306 multitudine

1674 2320 2095 2391 languidorum,
2127 2323 2335 2391 signat,
2364 2322 2515 2392 quod
2546 2319 2711 2392 pauci
2741 2320 2850 2377 sal-

1672 2397 1877 2449 vantur
1932 2392 2004 2450 de
2065 2392 2433 2449 multitudine
2491 2398 2841 2450 vocatorum.

1671 2464 1776 2532 Qui
1827 2464 2126 2538 languerat
2172 2466 2374 2538 surgit,
2423 2479 2489 2522 ac
2544 2464 2846 2538 grabatum

1670 2535 1824 2592 domi
1857 2540 2109 2607 reportat
2158 2543 2217 2593 et
2256 2537 2533 2605 ambulat,
2562 2552 2691 2593 cum
2719 2536 2844 2592 ani-

1671 2622 1764 2663 ma
1791 2623 1827 2663 a
1853 2607 2006 2663 vitiis
2033 2623 2291 2677 surgenS,
2323 2613 2382 2664 et
2430 2623 2467 2664 a
2497 2611 2730 2676 torpore
2776 2623 2845 2663 ac

1669 2694 1844 2750 prava
1872 2678 2285 2735 consuetudine
2335 2694 2396 2734 se
2434 2677 2683 2749 erigens,
2713 2693 2844 2751 pec·

1670 2757 1920 2806 catorum
1955 2748 2288 2807 remissione
2317 2752 2515 2806 curata
2546 2765 2610 2805 se
2639 2749 2713 2805 ad
2751 2749 2844 2805 in-

1666 2825 1888 2878 ternam
1917 2820 2007 2878 sui
2031 2821 2371 2891 custodiam,
2400 2836 2528 2877 cum
2559 2821 2682 2891 ipso
2711 2835 2842 2876 cor·

1664 2907 1827 3019 pore,
1875 2893 2073 2962 refert,
2107 2908 2179 2949 ne
2232 2892 2368 2964 quid
2412 2891 2643 2960 iterum,
2690 2890 2840 2948 unde

1689 2963 1922 3033 eriatur,
1971 2962 2263 3032 admittat;
2295 2979 2362 3020 ac
2406 2962 2477 3018 de
2527 2960 2735 3018 virtute
2777 2961 2840 3018 in

1664 3035 1930 3091 virtutem
1963 3033 2282 3105 ambulanS,
2313 3036 2373 3090 et
2401 3034 2460 3088 in
2489 3033 2639 3090 bono
2666 3047 2842 3105 opere

1704 3104 1989 3177 roficiens,
2039 3119 2218 3177 usque
2271 3104 2348 3162 ad
2398 3103 2677 3162 visionem
2737 3102 2838 3161 Dei

1690 3175 1921 3235 estinat.

1733 3271 1765 3321 7
1798 3250 2115 3305 incanui-10
2151 3249 2452 3306 Junssomm
2493 3264 2563 3305 an
2610 3264 2842 3306 rmn-

1663 3336 1842 3390 ncuu,
1873 3337 2004 3383 ocu
2034 3336 2320 3378 ema-run
2345 3337 2619 3378 'romanu
2656 3338 2713 3379 nv
2749 3338 2839 3378 mn

1665 3407 1906 3448 sABBArr.
1929 3421 1999 3433 --
2016 3395 2158 3449 Erat
2171 3399 2354 3451 autem
2367 3395 2657 3450 sabbatum
2671 3395 2734 3449 in
2748 3394 2839 3449 die

1661 3465 1782 3528 ille,
1798 3463 2026 3535 quando
2042 3464 2261 3522 fiebant
2279 3464 2408 3534 ista,
2422 3464 2483 3521 in
2499 3481 2612 3536 quo
2625 3468 2837 3522 nonest

1664 3533 1882 3592 licitum
1931 3551 2107 3609 opera
2161 3533 2351 3595 facere
2390 3536 2637 3593 servilia.
2676 3538 2831 3591 Dice-

2364 3609 2427 3662 ui
2452 3611 2683 3663 sanatus
2708 3607 2833 3673 rue-

1665 3607 1797 3664 bant
1824 3623 1949 3676 erqo
1976 3607 2156 3664 Judaei
2182 3610 2291 3672 illi,

2380 3682 2468 3736 est
2505 3677 2628 3732 dies
2667 3676 2832 3735 feria·

1659 3683 1751 3734 rat
1781 3697 1799 3734 ε
1830 3679 2134 3735 Sabbatum
2159 3683 2259 3743 est,
2290 3678 2309 3734 i

1661 3752 1782 3829 tus,
1813 3751 2068 3805 nonlicet
2093 3750 2218 3814 tibi,
2249 3754 2482 3822 propter
2506 3747 2669 3819 Legis
2693 3763 2832 3819 pro-

1660 3818 2019 3888 hibitionem,
2076 3821 2265 3875 tollere
2311 3820 2605 3889 probatum
2654 3824 2830 3878 tuum.

1663 3889 1834 3958 Quasi
1879 3889 2132 3946 dicerent
2161 3905 2176 3945 t
2206 3889 2264 3947 Si
2310 3889 2525 3946 sanitas
2561 3906 2677 3947 non
2710 3896 2834 3948 erat

1662 3960 2003 4044 differenda,
2043 3960 2319 4042 num-quid
2361 3965 2418 4017 et
2458 3976 2604 4044 opus
2645 3962 2834 4045 fuerat

1661 4031 2111 4160 ifflss‘ifissssfflg
2134 4031 2833 4187 {zi‘ilssli'liessiallbi‘ffissjsl}

1661 4190 1823 4244 nare,
1873 4179 1971 4233 aut
2022 4178 2418 4246 poenltentiam
2470 4175 2677 4233 facere.
2731 4178 2829 4232 Isti

1662 4245 1867 4302 salsum
1911 4245 2196 4316 dicebant,
2227 4246 2363 4319 quia
2406 4260 2582 4319 opera
2623 4263 2722 4304 cor
2762 4263 2827 4303 o-

1660 4316 1824 4391 ralia,
1844 4334 1973 4392 quae
1995 4318 2069 4377 ad
2093 4318 2306 4378 cultum
2335 4321 2395 4378 et
2421 4318 2700 4379 honorem
2774 4319 2828 4375 ei
