3146 5023
194 1930 200 1935 ·
300 1887 595 1948 Trinitatis
638 1885 901 1953 facimus,

763 425 837 478 DE
894 421 1271 478 PROBATICA
1330 422 1589 481 PISGINA
1646 429 1722 483 ΕΤ
1780 428 2231 484 PARALYTICO·
2646 427 2734 481 251

279 535 467 595 faciat.
500 533 559 593 Si
588 546 725 603 ergo
755 545 848 586 me
866 528 927 586 in
957 527 1148 600 aliquo
1172 527 1326 598 quod
1351 540 1455 600 per

278 625 373 667 me
413 609 627 665 factum
664 603 739 660 sit
772 600 1194 674 reprehendere
1228 615 1453 670 praesu-

278 679 455 748 mitis,
482 674 883 749 reprehendite
913 677 969 728 et
1000 673 1178 727 Deum
1201 672 1450 739 Patrem,

279 751 498 825 pariter
523 762 745 805 mecum
769 749 1136 817 operantem3
1164 743 1328 813 cujus
1355 758 1456 799 vos

279 822 551 896 populum
571 817 913 892 peculiarem
935 829 1060 871 esse
1075 814 1328 885 jactatiS.
1349 815 1456 871 Ubi

278 896 630 964 Auqustinus
661 907 674 946 ε
709 909 739 941 «
776 885 1071 956 Quomodo
1117 884 1241 956 ipse
1286 887 1459 943 Pater

281 971 339 1024 et
386 964 558 1021 Filius
610 957 1021 1032 inseparabiles
1063 960 1217 1025 sunt,
1272 955 1355 1012 sic
1401 960 1460 1013 et

284 1051 460 1109 opera
488 1033 672 1091 Patris
699 1036 869 1102 atque
901 1027 1026 1085 Filii
1054 1026 1460 1099 inseparabilia

285 1113 455 1176 sunt3
488 1122 603 1162 non
625 1106 851 1160 tantum
876 1099 1062 1157 Patris
1092 1104 1150 1156 et
1179 1098 1325 1168 Filii,
1355 1098 1457 1155 sed

287 1179 460 1237 etiam
484 1174 726 1248 Spiritus
744 1171 937 1230 Sancti
956 1188 971 1240 3
993 1169 1139 1227 sicut
1162 1169 1459 1242 aequalitas

288 1256 345 1307 et
369 1245 827 1320 inseparabilitas
848 1248 934 1300 est
962 1256 1360 1313 personarum,
1379 1241 1462 1298 ita

290 1321 462 1379 etiam
517 1333 694 1390 opera
744 1312 1152 1386 inseparabilia
1202 1320 1339 1368 sunt
1375 1328 1391 1368 ι
1428 1333 1457 1363 n

290 1395 414 1450 baec
451 1391 821 1458 Auqustinus.
864 1385 1005 1441 Hinc
1053 1389 1245 1440 autem
1283 1383 1460 1440 totius

290 1461 582 1521 Trinitatis
611 1474 787 1531 opera
816 1455 1078 1520 indivisa,
1105 1454 1166 1510 id
1194 1460 1282 1511 est
1307 1470 1460 1510 com-

293 1532 490 1591 munia
526 1546 651 1588 esse
679 1529 982 1596 dicuntur3
1011 1525 1145 1598 quia
1183 1524 1463 1597 quidquid

292 1603 548 1678 potentia
576 1601 814 1673 geritur,
846 1598 999 1654 idem
1032 1614 1095 1654 sa
1139 1596 1314 1653 ientia
1347 1612 1465 1652 mo·

295 1678 548 1744 deratur,
588 1678 644 1729 et
684 1671 935 1729 bonitate
975 1685 1083 1725 con
1126 1668 1260 1724 itur.
1304 1667 1465 1724 Unde

294 1749 443 1806 bene
475 1746 535 1802 in
572 1743 663 1800 his
702 1758 830 1815 quae
871 1740 1128 1807 facimuS,
1160 1739 1246 1796 vel
1287 1741 1466 1795 Deum

295 1821 482 1877 facere
510 1830 832 1883 exoramus,
861 1828 943 1881 φ
1049 1811 1467 1871 emorationem

1001 1887 1235 1940 centesz
1269 1886 1334 1939 In
1371 1898 1467 1937 no-

300 1964 445 2019 mine
468 1960 675 2029 PatriS,
704 1962 756 2014 et
786 1957 1026 2024 Filia-et
1052 1956 1299 2025 Spiritus
1328 1954 1471 2011 San-

303 2036 408 2102 cti3
436 2031 524 2087 vel
557 2048 570 2086 z
602 2033 667 2086 In
704 2030 920 2084 nomine
955 2030 1156 2081 sanctae
1181 2029 1231 2080 et
1260 2024 1471 2080 indivi-

303 2106 427 2160 duae
468 2102 781 2168 Trinitatis,
811 2102 874 2153 ut
911 2096 1058 2153 sicut
1100 2110 1475 2167 personarum

306 2174 550 2232 indivisa
572 2175 658 2228 est
680 2168 958 2243 operatio,
978 2166 1061 2223 sic
1090 2171 1147 2222 et
1173 2181 1375 2223 earum
1403 2165 1478 2221 sit

306 2242 700 2317 inseparabilis
736 2238 1037 2296 invocatio.
1079 2240 1148 2294 Et
1189 2237 1269 2295 sic
1316 2235 1477 2294 Chri·

305 2322 425 2375 stus
462 2318 760 2372 excusatur
790 2311 850 2367 in
883 2311 1121 2367 sabbato
1162 2308 1475 2382 operando.

384 2407 446 2444 12
486 2388 663 2443 MAms
693 2388 1162 2440 scmnsmzmron
1204 2383 1379 2438 JUDAEI
1410 2395 1478 2435 so

308 2476 451 2525 ouon
483 2476 544 2515 sa
569 2472 829 2522 nouum:
867 2470 1052 2510 rAciAr
1085 2455 1223 2508 Deo.
1255 2482 1326 2493 —
1372 2450 1483 2508 Sed

352 2531 466 2599 uia,
480 2547 545 2586 ex
562 2532 670 2585 hac
685 2525 1043 2585 excusatione
1063 2524 1318 2596 sequitur
1335 2521 1487 2605 quod

355 2602 567 2658 hristus
603 2599 677 2656 sit
709 2597 945 2670 aequalis
981 2598 1097 2652 Deo
1138 2593 1315 2664 Patri,
1354 2594 1484 2650 ideo

310 2690 380 2731 ex
406 2675 516 2730 hoc
543 2673 716 2728 verbo
746 2668 927 2726 Judaei
963 2666 1144 2738 magis
1176 2680 1484 2738 perseque-

313 2746 525 2802 bantur
551 2757 702 2810 eum,
729 2746 1020 2812 tamquam
1044 2738 1439 2810 blasphemum
1467 2752 1481 2792 t

314 2815 411 2887 qui
449 2812 802 2886 blasphemia
839 2813 1022 2883 majus
1050 2815 1345 2882 peccatum
1376 2813 1484 2876 est,

315 2892 371 2943 et
400 2885 588 2943 acrius
614 2884 849 2956 punitur
876 2883 936 2939 in
970 2884 1044 2938 Le
1085 2897 1137 2951 e,
1170 2896 1342 2952 quam
1374 2878 1484 2934 vio·

315 2957 451 3015 latio
483 2956 726 3012 sabbati.
755 2953 913 3010 Unde
934 2953 1037 3008 sub
1081 2953 1232 3007 iturt
1260 2955 1485 3017 Propte-

314 3044 411 3085 rea
438 3044 565 3096 erqo
594 3027 793 3096 maqiS,
825 3024 883 3079 id
913 3027 1000 3080 est
1028 3020 1267 3079 avidiori
1291 3021 1487 3080 animo

317 3104 376 3157 et
414 3095 742 3156 ferventiori
789 3095 931 3162 zelo,
971 3109 1146 3165 quam
1181 3091 1341 3165 prins
1374 3133 1379 3138 κ
1448 3153 1455 3166 ,

319 3186 490 3242 opere
547 3166 789 3237 sabbati,
848 3166 1165 3237 quaerebant
1217 3106 1501 3230 mm

318 3244 425 3299 daei
449 3243 779 3311 interficere3
809 3241 945 3309 quia
959 3253 1068 3293 non
1090 3235 1385 3308 salutm&
1404 3231 1491 3296 eis

319 3313 650 3386 apparebat,
681 3311 925 3367 solvebat
958 3309 1275 3372 sabbathum
1300 3297 1411 3389 sed
1438 3309 1492 3363 et

321 3388 536 3442 Patrem
564 3399 745 3453 suum,
784 3380 1105 3439 naturalem
1135 3383 1192 3436 et
1223 3377 1333 3435 sibi
1359 3391 1492 3434 con·

322 3455 770 3524 substantialem,
805 3454 1016 3509 dicibat
1051 3456 1242 3521 Deum,
1274 3465 1392 3505 non
1430 3451 1494 3504 ut

321 3544 447 3595 nos,
505 3525 602 3598 qui
652 3523 907 3598 adoptati
953 3528 1176 3596 patrem
1222 3534 1493 3579 vocamus

323 3613 487 3666 eum3
519 3598 783 3667 aequalem
825 3612 882 3651 se
928 3598 1142 3663 faciens
1187 3597 1245 3650 et
1295 3597 1492 3649 osten·

324 3669 467 3725 dens
496 3670 745 3737 De0,per
776 3681 823 3721 ae
866 3666 1160 3721 ualitatem
1188 3668 1406 3720 naturae
1435 3665 1494 3719 et

323 3737 640 3811 potestatiS,
659 3736 848 3807 quodi
874 3735 911 3790 li
936 3734 1347 3807 blasphemiam
1368 3748 1494 3790 esse

325 3810 611 3866 dicebant.
664 3811 803 3864 Cum
851 3804 1004 3862 enim
1058 3820 1189 3861 eum
1244 3809 1493 3860 tantum-

327 3880 497 3937 modo
547 3878 838 3936 hominem
876 3883 1169 3949 putarent,
1196 3873 1497 3947 imponunt

329 3952 380 4009 ei
412 3951 563 4033 quod
592 3951 854 4022 rapinam
902 3947 1092 4017 faciat,
1122 3962 1183 4003 se
1215 3946 1496 4018 aequalem

330 4024 545 4080 faciens
595 4024 731 4090 Deo,
822 4019 946 4076 nasi
992 4036 1107 4076 non
1153 4023 1321 4088 esset,
1367 4032 1497 4075 cum

327 4109 530 4151 revera
556 4097 708 4150 esset
734 4096 793 4148 ta
815 4091 886 4160 is,
919 4090 1052 4163 quia
1102 4089 1223 4162 ipse
1260 4104 1364 4163 per
1390 4104 1497 4145 na-

329 4172 518 4223 turam
569 4168 740 4221 natus
792 4167 882 4220 est
939 4161 991 4219 ei
1052 4161 1306 4233 aequalis,
1374 4162 1495 4216 Duo

331 4236 540 4309 quippe
569 4235 812 4292 crimina
845 4234 907 4291 in
944 4235 1092 4306 Lege
1127 4236 1308 4289 morte
1336 4230 1498 4315 puni-

335 4316 399 4366 ta
426 4310 679 4376 fuerunt,
708 4304 923 4364 scilicet
949 4305 1169 4362 crimen
1192 4301 1497 4360 solutionis

334 4379 576 4452 sabbati,
605 4383 663 4439 et
676 4377 858 4452 magis
876 4377 1094 4436 crimen
1108 4375 1495 4449 blasphemiae.

1572 537 1641 592 Et
1668 536 1793 591 haec
1823 534 1936 591 duo
1985 533 2037 591 ei
2083 534 2473 606 imponebant,
2521 536 2575 590 et
2619 549 2747 609 pro·
2781 544 2794 557 ·

1570 610 1769 679 pterea
1808 621 1937 663 eum
1976 606 2240 662 occidere
2285 607 2639 676 quaerebant.
2682 607 2752 661 Et

1572 678 1705 751 quia
1735 678 2024 734 excusavit
2067 694 2127 733 se
2173 677 2244 732 de
2292 677 2503 748 primo,
2550 692 2752 734 conse-

1572 755 1813 822 quenter
1841 753 2069 805 excusat
2108 764 2170 804 se
2201 748 2271 804 de
2305 749 2575 816 secundo,
2610 764 2750 820 pro-

1571 824 1718 878 bans
1747 838 1807 878 se
1833 836 1958 876 esse
2005 819 2206 876 Filium
2237 817 2337 875 Dei
2378 822 2432 874 et
2472 820 2753 889 aequalem

1576 894 1751 950 Patri.
1775 896 1841 949 Et
1865 908 1935 948 ne
1952 890 2134 949 Judaei
2163 890 2457 947 dicerent:
2487 888 2610 946 Tibi
2637 905 2753 945 non

1573 964 1878 1025 credimus,
1899 963 2093 1019 nullus
2112 960 2266 1018 enim
2290 959 2397 1017 sibi
2428 964 2645 1017 testans
2667 960 2753 1015 dl-

1575 1053 1720 1109 gnus
1741 1040 1826 1092 est
1850 1034 1982 1101 fide,
2007 1034 2132 1090 ideo
2157 1032 2230 1089 ad
2256 1031 2754 1089 confirmationem

1573 1105 1853 1181 propositi
1903 1105 2194 1176 multiplex
2246 1102 2446 1160 indicit
2497 1101 2754 1159 testimo-

1578 1178 1764 1247 nium,
1799 1177 2014 1234 scilicet
2058 1193 2072 1232 ε
2103 1172 2339 1232 Joannis
2379 1173 2668 1244 Baptistae,
2700 1177 2757 1229 et

1579 1265 1837 1324 operum,
1866 1264 1932 1304 ac
1957 1248 2134 1319 ipsius
2166 1245 2372 1315 Patris,
2405 1249 2462 1301 et
2492 1244 2757 1316 Scriptu-

1578 1337 1792 1379 rarum.
1819 1320 2120 1392 Respondit
2146 1321 2333 1388 itaque
2360 1320 2514 1372 Jesus
2535 1320 2586 1371 et
2607 1317 2759 1371 dimit

1581 1397 1660 1450 eis
1703 1411 1716 1451 ε
1757 1394 1821 1451 Si
1859 1408 1954 1461 eqo
1993 1391 2361 1452 testimonium
2395 1388 2653 1460 perhibeo
2691 1386 2760 1441 de

1580 1481 1665 1522 me
1685 1468 1836 1537 ip303
1860 1464 2230 1519 testimonium
2248 1476 2424 1517 meum
2445 1475 2554 1516 non
2578 1463 2658 1514 est
2677 1472 2764 1513 ve-

1579 1553 1725 1605 rum,
1761 1535 1820 1591 id
1858 1539 1945 1591 est
1977 1534 2197 1603 elficax,
2234 1530 2550 1587 secundum
2587 1544 2761 1601 repu-

1582 1607 1858 1665 tationem
1895 1610 2162 1672 vestram,
2202 1603 2461 1675 quamvis
2502 1601 2560 1657 in
2590 1617 2650 1656 se
2688 1598 2764 1656 sit

1585 1678 2060 1737 efficacissimum.
2077 1675 2255 1743 Unde,
2270 1673 2580 1730 secundum
2598 1673 2764 1757 Chry-

1585 1762 1899 1818 sostomum,
1922 1750 2031 1804 hoc
2057 1747 2209 1818 quod
2238 1745 2393 1813 dicit,
2429 1746 2765 1800 Testimom-

1586 1840 1679 1879 um
1702 1838 1879 1877 meum
1899 1836 2006 1876 non
2027 1824 2105 1874 est
2123 1834 2330 1886 verum,
2349 1832 2463 1872 non
2490 1818 2768 1887 quantum

1588 1894 1662 1952 ad
1690 1892 2031 1965 dignitatem
2058 1904 2240 1959 suam,
2271 1887 2372 1945 scd
2401 1891 2676 1958 quantum
2697 1883 2772 1946 ad

1589 1965 1820 2031 illorum,
1847 1961 2229 2035 suspicionem
2258 1959 2624 2031 loquebatur.

1670 2042 1731 2093 ιδ
1762 2037 2312 2104 QuAruonvsmrAns
2332 2047 2545 2086 TESTES.
2559 2028 2770 2085 -Nota

1592 2124 1729 2180 ergo
1769 2106 1922 2178 quod
1964 2105 2024 2160 in
2076 2101 2403 2161 testimonio
2456 2104 2594 2157 sunt
2635 2113 2771 2170 qua-

1593 2185 1726 2237 tuor
1756 2182 1930 2235 testes
1979 2174 2107 2244 filii,
2167 2173 2302 2246 quia
2347 2171 2408 2228 in
2438 2168 2769 2227 testimonio

1593 2256 1832 2326 possunt
1888 2252 2133 2320 quatuor
2175 2242 2439 2316 reperiri,
2491 2240 2705 2298 scilicet
2752 2256 2768 2296 ς

1596 2320 1851 2380 veritatis
1878 2316 2311 2385 demonstratio,
2344 2312 2596 2371 veritatis
2623 2327 2773 2368 con-

1597 2394 1867 2458 firmatio,
1929 2388 2186 2448 veritatis
2246 2384 2617 2444 immobilitas
2637 2426 2651 2454 ,
2716 2384 2773 2439 et

1599 2465 1725 2540 ipsa
1761 2462 2013 2522 veritatis
2066 2459 2293 2518 veritas.
2349 2452 2771 2516 Demonstratio

1600 2544 1790 2596 autem
1820 2538 1994 2593 fiebat
2009 2549 2111 2606 per
2133 2536 2442 2599 Joannem3
2477 2530 2599 2602 ipse
2621 2526 2774 2584 enim

1600 2613 1849 2669 Joannes
1886 2608 1958 2664 ad
1989 2620 2157 2678 quem
2190 2600 2693 2668 Judaeimise1·unt,
2716 2603 2774 2654 et

1604 2696 1773 2754 quem
1827 2677 2008 2750 magis
2063 2675 2330 2733 omnibus
2372 2672 2487 2727 fide
2533 2670 2772 2741 dignum

1602 2752 1898 2826 putabant,
1917 2746 2304 2805 testimonium
2323 2740 2631 2815 perhibuit,
2656 2755 2773 2821 non

1605 2823 1736 2893 sibi,
1769 2822 1869 2879 sed
1915 2818 2150 2879 Veritati
2181 2815 2425 2882 Christo,
2458 2812 2606 2870 sicut
2635 2825 2778 2868 ami-

1606 2913 1704 2953 cus
1723 2893 1997 2951 veritatis,
2018 2885 2465 2948 —Confirmatio
2485 2885 2660 2940 flebat
2676 2896 2779 2953 pet·

1606 2985 1639 3025 o
1684 2983 1780 3023 era
1815 2961 2124 3021 fortissima
2155 2977 2169 3016 t
2202 2960 2352 3030 quod
2400 2955 2552 3012 enim
2592 2967 2774 3010 caecos

1604 3039 1645 3097 il
1674 3034 1966 3103 uminavit,
1989 3047 2159 3090 aures
2193 3027 2436 3101 aperuit,
2466 3041 2569 3082 ora
2597 3028 2779 3081 muto-

1606 3126 1735 3168 rum
1771 3106 2022 3174 resolvit,
2055 3099 2338 3160 daemonia
2367 3096 2601 3170 fugavit,
2633 3110 2782 3151 mor-

1607 3186 1736 3239 tuos
1766 3174 2193 3244 ressuscitavit;
2243 3173 2370 3228 haec
2413 3184 2589 3242 opera
2619 3163 2781 3223 testi-

1611 3251 1862 3310 monium
1892 3250 2113 3307 Christo
2185 3242 2542 3303 erhibebant.
2570 3271 2639 3281 -
2668 3241 2783 3294 lm-

1610 3322 1897 3380 mobilitas
1940 3320 2147 3403 pateba
2210 3329 2314 3389 per
2359 3311 2783 3371 attestationem

1609 3394 1786 3469 ipsius
1809 3396 2017 3461 Patris,
2045 3390 2143 3464 qui
2169 3384 2559 3445 testimonium
2590 3381 2784 3456 perhi-

1610 3466 1733 3526 buit
1749 3467 1819 3524 de
1841 3464 2064 3523 Christo
2081 3480 2095 3533 ;
2112 3462 2245 3535 quia
2265 3475 2370 3516 vox
2390 3455 2574 3514 Patris
2591 3454 2787 3511 audita

1612 3541 1702 3596 est
1727 3537 1786 3594 in
1817 3534 2102 3610 Baptismo
2133 3538 2189 3591 et
2218 3532 2276 3588 in
2303 3534 2496 3587 monte
2534 3527 2784 3606 Thabor,

1612 3610 1735 3682 ipso
1768 3609 1989 3668 Christo
2007 3606 2431 3675 transfiguratO.
2464 3627 2536 3640 —
2563 3599 2787 3678 Yeritas

1613 3686 1805 3739 autem
1825 3679 2230 3738 ostendebatur
2242 3690 2309 3730 ex
2322 3669 2645 3743 Scripturis,
2661 3680 2787 3746 quaa

1613 3752 1842 3810 mentiri
1866 3768 1980 3808 non
2009 3750 2296 3822 poterant,
2328 3759 2394 3799 eo
2426 3738 2580 3812 quod
2604 3754 2647 3819 a·
2669 3741 2789 3809 Spi-

1613 3827 1728 3880 ritu
1763 3821 2017 3878 veritatis
2043 3817 2448 3892 processerunt
2481 3827 2496 3866 :
2531 3810 2783 3879 Scriptu-

1613 3912 1694 3952 rae
1726 3891 1878 3951 enim
1908 3890 2092 3962 Legis,
2139 3903 2266 3959 quae
2307 3885 2456 3939 datae
2503 3884 2638 3936 sunt
2685 3894 2788 3950 per

1617 3969 1848 4038 Moysen
1878 3971 1937 4020 et
1967 3976 2067 4033 per
2106 3957 2443 4028 ProphetaS,
2484 3950 2790 4033 perhibent

1616 4037 1839 4096 Christo
1880 4028 2293 4091 testimonium.
2360 4028 2429 4082 Et
2483 4038 2564 4080 sic
2584 4092 2596 4104 .
2618 4035 2789 4101 penes

1618 4111 1686 4167 de
1708 4110 1831 4165 haec
1855 4109 2117 4177 quatuor,
2132 4116 2258 4172 quae
2280 4112 2450 4154 omne
2469 4098 2789 4151 testimom-

1616 4198 1716 4239 um
1758 4176 2013 4236 veritatis
2055 4172 2318 4242 fulciunt,
2376 4168 2487 4225 ista
2542 4167 2787 4236 quatuor

1617 4249 1947 4310 testimonia
1973 4244 2349 4317 accipiuntur.

1697 4328 1759 4391 14
1789 4325 2018 4378 DunmA
2032 4321 2062 4376 J
2069 4331 2331 4374 unisonum
2347 4330 2415 4370 An
2444 4322 2785 4368 cnsnssNomi.

1622 4427 1687 4440 -
1719 4397 1786 4452 Et
1812 4389 2073 4466 quamvis
2098 4391 2289 4446 essent
2323 4400 2428 4457 per
2456 4388 2541 4441 tot
2585 4379 2789 4437 incon-
