3146 5023
900 413 991 468 DE
1051 414 1433 470 PATIENTIA
1486 417 1553 471 ΙΝ
1605 415 1939 471 ΔῘΠΒΒΒῙΒ
1994 415 2317 471 nmmum.

352 521 435 578 do
446 519 730 591 operibus,
744 518 883 589 quia
898 519 1168 591 perfectio
1181 526 1267 577 est
1276 520 1553 578 assimila-

356 593 438 649 tio
458 592 738 664 magistri.
761 591 924 648 Unde
956 593 1172 649 Redin«
1206 594 1260 649 Si
1284 594 1552 663 Magister

349 679 469 720 non
494 679 626 719 suas
660 663 785 718 vult
828 661 1123 719 vindicare
1156 665 1404 734 injurias
1448 665 1547 734 qui

348 735 503 791 Deus
531 740 637 799 est,
681 734 782 789 sed
814 734 968 803 ipsos
997 735 1212 790 mavult
1241 736 1549 791 insectato-

343 820 441 862 res
484 805 761 877 patiendo
794 805 1039 859 reddere
1074 805 1357 875 mitiores;
1392 822 1548 862 eam-

343 876 483 932 dem
527 891 765 932 necesse
810 882 896 932 est
946 875 1231 947 discipuli,
1267 878 1363 947 qui
1421 878 1548 948 puri

340 947 611 1004 homines
630 953 783 1016 sunt,
814 953 873 1002 ut
903 948 1161 1016 regulam
1192 948 1550 1018 perfectionis

339 1024 704 1089 sequantur:
736 1038 765 1071 i>
797 1019 921 1073 haec
966 1019 1138 1074 Beda.
1190 1020 1308 1074 Hoc
1352 1024 1545 1075 autem

340 1089 570 1145 dictum
607 1088 835 1145 Domini
888 1090 950 1143 in
989 1089 1277 1160 proposito
1324 1104 1409 1145 est
1447 1106 1545 1147 ve·

336 1175 508 1231 rum,
542 1160 641 1215 ubi
682 1161 752 1216 de
785 1177 844 1216 se
885 1159 1156 1231 loquitur,
1198 1161 1297 1231 qui
1324 1168 1408 1216 est
1427 1163 1542 1217 Ma-

339 1233 534 1304 gister
549 1236 606 1287 et
623 1232 921 1299 DominUS,
945 1232 1061 1286 imo
1077 1233 1242 1287 Pater
1256 1233 1540 1289 omnium:

333 1317 411 1359 se
443 1303 598 1359 enim
622 1301 761 1357 dicit
790 1302 1121 1372 Magistrum
1143 1309 1198 1357 et
1217 1304 1537 1373 Dominum,

337 1373 657 1444 Apostolos
683 1379 874 1428 autem
909 1378 968 1428 et
995 1389 1190 1428 eorum
1222 1375 1539 1430 imitatores

337 1460 541 1515 usque
587 1445 658 1499 ad
696 1445 868 1499 finem
910 1444 1086 1499 seculi
1126 1445 1262 1499 dicit
1289 1445 1541 1515 discipu-

338 1514 481 1571 lum
520 1519 576 1571 et
629 1531 875 1570 servum.
940 1516 1118 1586 Hujus
1172 1517 1429 1586 Magistri
1484 1523 1541 1573 et

337 1586 583 1643 Domini
610 1587 848 1642 imitatio
877 1593 960 1641 est
976 1587 1226 1642 humana
1242 1587 1536 1658 perfectio,

339 1656 517 1715 Unde
545 1657 623 1713 ait
649 1658 1041 1726 Auqustinusx
1069 1677 1097 1710 «
1130 1659 1359 1713 Summa
1384 1658 1543 1715 Chri-

330 1726 558 1786 stianae
604 1729 896 1800 religionis
955 1733 1041 1783 est
1096 1728 1308 1784 imitari
1370 1745 1541 1800 quem

335 1799 512 1857 coliS.
534 1820 564 1850 n
596 1802 721 1856 Non
747 1807 936 1855 autem
969 1800 1105 1854 dicit
1135 1800 1243 1855 hoc
1273 1801 1543 1856 Dominus

333 1871 421 1927 de
470 1871 624 1940 alio;
667 1870 717 1927 si
759 1872 912 1925 enim
969 1870 1240 1942 magister
1279 1871 1541 1927 indoctus

329 1941 549 2010 fuerit,
583 1958 701 1997 non
724 1942 935 1996 sufficit
962 1942 1235 2012 discipulo
1274 1943 1540 2012 ignoran-

331 2012 434 2068 tia
460 2012 738 2084 magistri,
772 2020 828 2068 et
855 2014 902 2067 si
931 2013 1196 2068 dominus
1222 2015 1394 2068 miser
1420 2013 1540 2070 sue-

330 2084 448 2151 rit,
488 2099 609 2139 non
638 2083 850 2139 sufficit
886 2099 1050 2138 servo
1093 2086 1322 2138 miseria
1354 2084 1537 2141 domi-

331 2153 431 2212 ni.
457 2156 583 2223 Vel,
606 2155 918 2211 secundum
948 2156 1404 2224 chrysostomum,
1426 2172 1541 2212 non

333 2227 670 2283 secundum
719 2241 786 2281 ea
835 2242 961 2293 quae
1009 2242 1140 2282 raro
1181 2227 1540 2298 contingunt,

331 2298 452 2354 sed
481 2297 558 2353 ab
586 2296 963 2367 amplioribus
988 2304 1046 2353 et
1067 2298 1138 2354 ab
1160 2298 1246 2352 his
1268 2313 1394 2368 quae
1413 2307 1544 2354 sunt

329 2369 409 2425 in
459 2368 744 2439 pluribuS,
798 2370 1032 2436 suscipit
1077 2367 1349 2424 Dominus
1393 2369 1544 2426 hunc

331 2455 697 2497 sermonem.
730 2442 796 2495 Et
825 2442 985 2495 addit
1014 2458 1027 2494 :
1063 2442 1125 2496 Si
1140 2455 1278 2511 ergo
1302 2445 1542 2511 patrem-

331 2513 627 2581 familias,
651 2511 810 2567 idest
827 2528 934 2580 me,
963 2511 1059 2583 qui
1089 2516 1384 2582 paternam
1405 2529 1542 2585 gero

330 2582 815 2651 sollicitudinem,
863 2584 1039 2652 patris
1081 2583 1297 2639 habens
1344 2590 1539 2640 aucto-

331 2654 603 2722 ritatem,
632 2655 927 2709 Beelzebub
970 2658 1321 2722 vocaverunt,
1356 2655 1411 2709 id
1458 2661 1543 2710 est

333 2739 441 2781 me
489 2727 720 2795 operari
775 2725 833 2780 in
881 2726 1200 2782 Beelzebub
1256 2725 1538 2797 dixerunt,

338 2801 565 2867 quanto
592 2800 772 2864 maqis
804 2798 1122 2852 domesticos
1150 2797 1289 2866 ejus,
1325 2796 1542 2852 scilicet

337 2882 474 2935 vos,
506 2866 568 2922 in
593 2868 700 2922 hoc
729 2870 902 2922 etiam
923 2865 1345 2925 diffamabunt‘?
1381 2868 1539 2934 Quod

340 2938 508 2994 enim
535 2938 789 3008 Apostoli
826 2943 1077 2994 tacerent
1105 2938 1379 2994 miracula
1420 2940 1538 2993 vir-

345 3013 476 3065 tute
528 3009 825 3077 daemonis,
866 3025 1014 3079 saepe
1059 3010 1322 3065 dixerunt
1360 3008 1542 3065 Judaei

350 3084 420 3135 et
446 3080 720 3150 Gentile5‚
764 3090 823 3136 ut
854 3085 1008 3150 patet
1054 3079 1443 3150 multipliciter
1478 3096 1544 3135 ex

346 3150 752 3221 Apostolorum
784 3152 1077 3222 LegendiS.
1100 3153 1222 3206 Non
1250 3167 1385 3223 ergo
1413 3152 1546 3206 boni

355 3222 690 3278 contristari
723 3222 953 3282 debeiit.
982 3224 1027 3276 si
1058 3224 1204 3278 forte
1244 3224 1315 3276 ab
1345 3222 1544 3292 aliqui·

351 3293 465 3350 bus
494 3296 686 3363 pravis
727 3293 1053 3349 bominibus
1093 3294 1215 3348 sine
1256 3294 1420 3363 culpa
1446 3293 1543 3348 de-

349 3365 629 3421 trahatur
665 3365 764 3432 εἰς,
798 3366 934 3434 quia
985 3365 1058 3420 ad
1097 3364 1542 3420 consolationem

343 3441 609 3493 nostram
635 3451 738 3490 sua
760 3437 1031 3491 Dominus
1054 3434 1362 3505 opprobria
1374 3435 1547 3490 addu-

348 3521 487 3564 cere
531 3505 797 3577 dignatus
824 3513 930 3575 est,
964 3509 1193 3562 dicens:
1230 3508 1293 3562 Si
1303 3510 1545 3577 patrem-

349 3578 613 3645 familias
639 3579 937 3632 Beelzebub
962 3582 1313 3641 vocaverunt,
1337 3582 1542 3647 quanto

350 3650 542 3717 mauis
596 3649 915 3704 domesticos
964 3650 1083 3719 ejus
1110 3652 1139 3703 ?
1193 3650 1335 3704 Sunt
1388 3648 1541 3704 enim

354 3720 594 3792 plurimi
638 3722 735 3790 qui
775 3726 945 3776 vitam
974 3721 1255 3775 bonorum
1297 3721 1533 3776 fortasse

353 3789 604 3861 amplius
659 3792 896 3846 laudant
950 3807 1122 3862 quam
1188 3790 1418 3859 debent,
1485 3796 1543 3846 et

352 3861 487 3917 ideo
526 3876 600 3916 ne
627 3863 707 3916 eis
746 3862 917 3917 elatio
954 3863 1023 3917 de
1052 3863 1217 3917 laude
1246 3862 1540 3931 subrepat,

349 3932 639 4003 permittit
675 3933 1037 4003 omnipotens
1089 3935 1237 3988 Deus
1277 3933 1455 3988 malos
1484 3933 1542 3986 in

353 4003 778 4059 obtrectatione
810 4019 1177 4074 prorumpere
1205 4021 1220 4071 ;
1267 4006 1330 4058 ut
1357 4002 1406 4058 si
1432 4018 1545 4072 qua

352 4074 527 4145 culpa
557 4073 631 4129 ab
662 4090 761 4129 ore
793 4075 1143 4130 laudantium
1167 4076 1225 4128 in
1250 4075 1420 4129 corde
1451 4076 1546 4128 bo-

349 4159 565 4202 norum
604 4147 877 4214 nascitur,
928 4162 1027 4216 per
1073 4146 1545 4201 obtrectationem

350 4217 648 4273 malorum
665 4221 735 4270 ad
765 4219 1156 4287 poenitentiam
1184 4220 1540 4272 revocentur.

352 4287 468 4345 Sed
499 4288 655 4343 inter
694 4289 868 4344 verba
894 4289 1248 4344 laudantium
1296 4291 1354 4342 et
1393 4286 1545 4341 vitu-

349 4359 708 4430 perantium,
765 4360 837 4414 ad
887 4365 1138 4416 mentem
1186 4373 1411 4428 semper
1460 4373 1546 4413 re-

2784 474 2791 482 ι

1671 537 1905 578 currere
1947 516 2263 592 debemus}
2306 526 2384 591 et,
2420 521 2469 577 si
2520 521 2580 577 in
2625 537 2690 578 ea
2730 536 2849 579 non

1668 594 1959 649 invenitur
1990 593 2200 649 bonum
2236 593 2386 664 quod
2433 593 2502 648 de
2541 592 2706 649 nobis
2754 593 2845 649 di·

1666 662 1835 733 citur,
1877 680 2087 736 magna
2118 665 2348 719 tristitia
2389 663 2446 718 in
2482 665 2647 719 nobis
2678 679 2851 735 gene·

1663 736 1780 790 rari
1807 735 2014 803 debet;
2055 741 2110 789 et
2139 734 2204 798 si,
2239 736 2295 791 in
2326 751 2392 790 ea
2425 751 2536 790 non
2564 735 2854 791 invenitur

1669 806 1883 861 malum
1914 807 2065 876 quod
2089 806 2157 861 dc
2189 808 2355 861 nobis
2382 806 2610 876 dicitur,
2643 808 2701 861 in
2724 821 2852 861 ma-

1665 893 1835 946 gnam
1856 878 2110 933 laetitiam
2126 879 2358 933 resilere
2376 879 2575 933 debem
2585 894 2669 935 us.
2688 876 2850 934 Unde

1660 948 1990 1016 Greqom'us:
2032 969 2053 998 ι
2088 951 2151 1003 In
2199 965 2365 1003 omne
2410 950 2561 1019 quod
2617 949 2688 1004 de
2746 963 2846 1004 no-

1659 1018 1745 1075 bis
1770 1020 1996 1089 dicitur,
2024 1035 2248 1089 semper
2298 1019 2452 1074 taciti
2487 1020 2558 1075 ad
2593 1023 2845 1076 mentem

1654 1105 1951 1146 recurrere
1990 1090 2262 1145 debemus
2298 1094 2356 1145 et
2393 1091 2724 1146 interiorem
2752 1097 2841 1145 te-

1654 1167 1817 1221 stem.
1847 1178 1913 1217 ac
1927 1162 2176 1232 J'udicem
2202 1176 2480 1231 quaerere.
2508 1161 2654 1227 Quid
2682 1159 2838 1217 enim

1652 1233 1902 1302 prodest,
1932 1234 1974 1287 si
2009 1247 2205 1287 omnes
2247 1232 2502 1300 laudent,
2536 1247 2665 1286 cum
2695 1247 2836 1287 con-

1653 1304 1888 1358 scientia
1921 1319 2021 1357 nos
2056 1301 2331 1359 accuset?
2358 1304 2471 1356 Aut
2507 1302 2644 1371 quid
2685 1306 2838 1372 pote·

1651 1373 1730 1428 rit
1758 1375 1980 1433 obesse,
2020 1372 2066 1427 si
2107 1388 2304 1426 omnes
2343 1371 2503 1426 nobis
2537 1372 2836 1443 derogent,

1654 1450 1709 1498 et
1737 1444 1859 1498 sola
1911 1459 2010 1498 nos
2058 1444 2406 1497 conscientia
2461 1442 2727 1498 defendat
2752 1440 2781 1500 “P
2806 1461 2836 1496 ii

1651 1516 1774 1571 haec
1806 1515 2119 1582 Greqorius.
2156 1514 2311 1568 Unde
2340 1519 2395 1568 et
2420 1514 2550 1568 Cato
2568 1532 2585 1567 ε

1724 1588 1857 1643 Cum
1885 1590 1938 1642 te
1966 1587 2091 1655 quis
2120 1584 2336 1648 laudat,
2357 1584 2538 1654 judex
2565 1588 2694 1639 tuus
2724 1598 2837 1639 esse

2506 1656 2789 1726 [memento
2813 1674 2833 1723 ς

1720 1727 1856 1783 Plus
1881 1726 2097 1782 aliisae
2127 1730 2196 1797 te,
2226 1743 2393 1797 quam
2413 1730 2474 1782 tu
2492 1726 2600 1782 tibi
2617 1726 2831 1868 crfdelrf

2693 1813 2761 1852 no
2786 1813 2830 1855 ι.

1652 1869 1783 1937 Sed,
1810 1874 1873 1924 ut
1907 1869 2044 1924 dicit
2076 1867 2228 1925 idem
2266 1869 2560 1937 Greqorius
2599 1886 2616 1923 ε
2654 1887 2682 1920 «
2723 1865 2831 1934 Qui

1653 1955 1766 1996 non
1807 1945 1961 1996 amat
1990 1941 2253 2011 gloriam,
2278 1956 2392 1995 non
2427 1940 2602 1994 sentit
2627 1946 2831 1995 contu·

1653 2011 1901 2068 meliam.
1935 2030 1962 2062 ι)
1990 2014 2053 2065 Et
2079 2012 2148 2066 de
2179 2011 2481 2066 virtutibus
2508 2011 2634 2065 aliis
2663 2015 2720 2065 et
2748 2008 2830 2065 vi-

1653 2085 1746 2139 tiis
1786 2081 2048 2136 similiter
2091 2081 2390 2149 judicabis.
2440 2080 2613 2137 Valde
2642 2086 2835 2136 autem

1652 2153 2035 2226 periculosum
2070 2156 2153 2205 est
2180 2153 2468 2207 hominem
2500 2152 2556 2204 in
2587 2164 2834 2219 praesen-

1654 2225 1732 2281 tia
1783 2240 1887 2279 sua
1915 2222 2173 2288 laudari;
2216 2222 2346 2291 quia
2385 2225 2675 2291 oporteret
2700 2235 2834 2276 eum

1653 2296 1816 2352 valde
1848 2294 2050 2349 sortem
2093 2293 2150 2347 in
2197 2295 2309 2348 Deo
2343 2308 2488 2359 esse,
2522 2292 2677 2362 quod
2715 2307 2833 2348 non

1652 2368 1970 2424 elevaretur
2015 2366 2167 2420 intus
2215 2366 2273 2420 in
2322 2366 2516 2434 corde,
2557 2368 2620 2418 ut
2656 2364 2829 2421 etiam

1651 2438 1897 2496 consulit
1923 2440 2187 2492 Horatius
2208 2455 2225 2491 ε

1808 2510 2005 2577 Quales
2029 2507 2362 2564 commendes
2390 2509 2595 2578 aspice,
2617 2524 2685 2562 ne
2702 2523 2835 2563 moae

1703 2584 1982 2638 Incutiant
2000 2582 2183 2635 aliena
2199 2583 2244 2634 ti
2249 2580 2304 2634 bi
2308 2583 2533 2649 peccata
2539 2578 2828 2649 pudorem.

1651 2653 1831 2725 Igitur
1859 2652 1983 2706 loco
2024 2651 2222 2722 gloriae
2251 2654 2303 2704 id
2333 2648 2755 2718 amplectimur,
2782 2649 2832 2705 si

1649 2723 1890 2781 Domino
1939 2729 2128 2777 nostro
2180 2722 2238 2777 iii
2274 2723 2592 2790 passionum
2629 2719 2826 2775 condi-

1649 2795 1902 2851 tionibus
1955 2794 2343 2863 adaequamur.
2392 2792 2531 2857 Quia
2584 2790 2832 2845 enimin

1650 2866 1782 2936 igne
1809 2864 2195 2918 tribulationis
2231 2866 2461 2931 peccata
2491 2867 2829 2938 purgantur,

1651 2935 1780 2991 ideo
1806 2934 1952 2989 sicut
1978 2939 2112 2987 tunc
2150 2933 2458 2996 Christum,
2494 2944 2591 2998 qui
2631 2934 2718 3007 est
2743 2944 2833 2984 ca-

1655 3011 1754 3076 put
1810 3002 2096 3064 Ecclesiae,
2167 3000 2434 3055 fluctibus
2510 3013 2832 3067 passionum

1657 3079 1802 3132 Deus
1827 3073 2083 3143 exposuit
2106 3090 2118 3140 ;
2151 3073 2232 3126 sic
2254 3076 2311 3124 et
2330 3084 2532 3138 corpus
2559 3072 2699 3140 eJuS,
2731 3069 2833 3126 sci-

1652 3147 1786 3203 licet
1811 3145 2117 3200 Ecclesiam
2145 3157 2326 3209 suam,
2360 3157 2532 3212 usque
2564 3141 2620 3196 in
2660 3140 2835 3197 finem

1653 3218 1848 3282 seculi,
1902 3217 1972 3272 ad
2008 3215 2399 3286 probationem
2456 3219 2512 3268 et
2542 3213 2833 3286 purgatio-

1655 3306 1786 3346 nem
1813 3286 2075 3344 tribulari
2103 3288 2396 3359 permittit.
2432 3286 2642 3357 Aspera
2680 3285 2835 3341 enim

1654 3367 1711 3417 et
1734 3361 1923 3417 dumis
1950 3376 2016 3415 ac
2039 3358 2293 3415 sentibus
2318 3359 2484 3426 plena
2510 3364 2566 3413 et
2600 3356 2836 3413 horrida

1654 3439 1738 3489 est
1778 3431 2001 3487 virtutis
2029 3432 2139 3487 via.
2194 3431 2282 3487 Sic
2336 3430 2703 3498 Patriarcbae,
2754 3428 2835 3483 sic

1654 3505 1974 3575 Prophetae,
2008 3504 2088 3559 sic
2120 3503 2392 3574 Apostoli,
2422 3503 2501 3556 sic
2535 3503 2829 3570 Martyres,

1652 3577 1731 3632 sic
1770 3577 2132 3631 Cont‘essores
2162 3583 2218 3628 et
2251 3574 2530 3642 Virgines,
2562 3577 2618 3624 et
2662 3574 2831 3648 quot-

1651 3651 1790 3718 quot
1820 3648 2155 3717 placuerunt
2195 3647 2329 3710 Dee,
2365 3657 2463 3712 per
2491 3641 2696 3719 multas
2720 3643 2832 3717 tri-

1650 3717 1967 3776 bulationes
1990 3715 2264 3771 transiere
2293 3713 2522 3776 fideles;
2555 3725 2634 3762 sic
2658 3713 2833 3762 etiam

1650 3789 1842 3845 omnia
1866 3787 2073 3841 Christi
2103 3785 2358 3837 membra
2387 3794 2564 3849 usque
2585 3778 2655 3857 ad
2679 3777 2838 3834 diem

1645 3857 1845 3930 Judicii
1884 3853 2320 3925 pertransibunt.
2381 3851 2539 3904 Unde
2589 3852 2669 3903 ait
2717 3847 2835 3903 Au·

1650 3929 1905 3997 qustinus
1928 3944 1945 3978 ε
1975 3944 2002 3977 «
2027 3923 2221 3979 Nullus
2249 3936 2445 3975 servus
2472 3916 2681 3974 Christi
2710 3920 2833 3974 sine
2885 3935 2888 3938 ·

1651 3997 2021 4054 tribulatione
2067 3999 2193 4058 est;
2244 3990 2291 4044 si
2344 4005 2477 4062 ergo
2517 3995 2680 4058 putas
2716 4003 2834 4045 non

1651 4069 1861 4125 habere
1918 4065 2350 4135 persecutiones
2401 4062 2652 4115 nondum
2716 4076 2835 4116 coe-

1651 4139 1779 4212 pisti
1821 4152 1940 4193 esse
1974 4135 2342 4193 Christianus,
2374 4153 2401 4186 »
2435 4133 2502 4187 Et
2533 4133 2741 4204 subjun
2786 4131 2829 4189 it

1655 4210 1926 4268 Dominus
1964 4206 2389 4264 concludendo:
2431 4206 2513 4263 Ne
2541 4219 2687 4273 erqo,
2767 4220 2829 4260 o-

1654 4283 1876 4340 mestici
1907 4287 1963 4337 et
2005 4280 2317 4335 imitatores
2370 4275 2480 4332 mei
2536 4278 2832 4333 timueritis

1654 4370 1762 4424 eos,
1824 4354 2036 4410 scilicet
2103 4355 2509 4423 persecutoreS,
2575 4349 2834 4406 homines
