3146 5023
513 412 598 467 DE
652 412 989 468 TRANSITU
1042 410 1286 465 DOMINI
1339 410 1419 464 ΕΤ
1473 408 1977 465 DISCIPULORUM
2029 411 2159 466 PER
2213 413 2412 468 stu.

2618 414 2709 467 201

243 519 514 578 fenditur.
545 518 704 576 Unde
728 516 810 575 ait
835 518 1185 588 Anqustinus
1217 538 1236 573 .·
1270 538 1301 570 «
1339 520 1420 574 De
1532 516 1833 574 commode
1859 522 2022 588 potes
2048 533 2212 589 esse;
2250 523 2310 577 et
2337 520 2437 577 illa
2472 536 2579 578 nec
2602 521 2709 578 ha-

243 591 406 650 nulla
434 607 496 648 re
538 590 719 662 magis
756 591 939 646 Deum
968 588 1281 659 offendisse
1324 588 1419 645 ille

240 662 489 736 populus
514 662 697 718 dictus
743 665 852 730 est,
889 675 1059 732 quam
1088 665 1290 717 contra
1317 661 1422 716 De·

240 750 342 792 um
386 726 821 790 murmurandO.
865 732 996 797 Sed,
1036 735 1099 788 ut
1142 731 1419 788 sciremus

233 820 354 863 non
381 804 483 862 Dei
529 809 854 861 creaturam
886 819 1011 860 esse
1046 802 1413 874 culpabilem,

237 876 341 934 sed
411 875 798 932 inordinatam
852 872 1241 946 cupiditatem,
1299 889 1416 929 non

235 950 473 1020 propter
505 961 762 1018 porcum,
795 945 895 1002 sed
924 949 1157 1027 propter
1182 959 1416 1017 pomum

239 1021 486 1075 mortem
530 1017 747 1090 primus
799 1017 973 1073 homo
1034 1015 1293 1084 invenit:
1360 1019 1417 1071 et

235 1091 390 1146 Esau
417 1087 698 1161 primatus
718 1104 873 1153 suOS‚
891 1103 1008 1144 non
1029 1091 1265 1159 propter
1290 1086 1411 1158 gal·

236 1159 437 1229 linam,
472 1161 574 1216 sed
602 1164 835 1232 propter
863 1158 1195 1215 lenticulam
1226 1156 1413 1228 perdi·

238 1229 345 1288 dit.
380 1250 409 1284 »
444 1233 513 1286 Et
544 1230 783 1287 iterum:
823 1248 853 1283 «
884 1229 1085 1286 Daniel
1138 1229 1269 1286 ideo
1323 1230 1416 1283 vir

245 1302 647 1358 desideriorum
674 1301 990 1373 appellatus
1020 1304 1128 1369 est,
1157 1301 1292 1372 quia
1318 1314 1419 1370 pa-

245 1388 384 1429 nem
414 1371 682 1428 desiderii
711 1388 830 1428 non
852 1370 1118 1439 comedit,
1146 1375 1202 1427 et
1223 1374 1421 1450 potum

246 1442 721 1515 concupiscentiae
749 1459 864 1499 non
892 1440 1069 1510 bibit:
1125 1441 1223 1498 uia
1239 1456 1423 1511 magis

248 1513 539 1572 Christum
559 1529 729 1585 quam
748 1513 946 1586 epulas
967 1512 1085 1569 desi
1128 1513 1327 1570 erabat
1349 1529 1362 1567 :
1391 1531 1421 1562 »ι

244 1585 372 1642 haec
395 1586 766 1653 Anqustinus.
789 1587 857 1641 Et
879 1599 996 1640 non
1026 1583 1211 1641 solum
1234 1598 1431 1654 corpo-

247 1655 352 1726 ris,
364 1655 466 1713 sed
489 1659 549 1712 et
565 1655 748 1721 animi⁴
758 1655 1075 1727 voluptates
1094 1660 1226 1711 sunt
1244 1652 1435 1711 debel-

248 1727 465 1796 landae3
490 1726 645 1799 quia,
666 1731 729 1783 ut
746 1727 884 1783 dicit
906 1727 1222 1796 GreqoriuS,
1250 1725 1430 1782 incas·

251 1814 380 1856 sum
420 1814 555 1855 caro
595 1797 878 1867 atteritur,
925 1798 973 1853 si
1012 1814 1048 1855 a
1077 1797 1267 1870 pravis
1310 1797 1430 1853 suis

249 1870 631 1943 voluptatibus
667 1868 891 1927 animus
930 1884 1047 1924 non
1082 1869 1425 1926 refrenatur.

329 1964 392 1998 ιο
431 1943 784 1997 Nanassnum
832 1957 1096 1996 comem
1149 1957 1324 1996 smus·
1356 1967 1429 1981 —·

246 2015 331 2071 Tu
365 2027 524 2094 erge,
574 2013 684 2068 hoc
724 2013 996 2082 exemplo·
1018 2010 1427 2083 discipulorum

249 2083 459 2143 Christl
503 2081 810 2151 animatuS,
855 2086 1250 2154 paupertatem
1292 2080 1429 2136 totis

250 2154 599 2226 amplectere
617 2153 852 2221 viribus,
876 2168 1002 2224 quae
1022 2152 1103 2209 sic
1121 2151 1350 2209 emicuit
1367 2150 1429 2208 in

248 2224 507 2355 Praefatis
536 2224 733 2281 mundi
763 2223 1135 2296 principibus,
1167 2228 1224 2280 et
1264 2221 1422 2279 simi-

276 2300 385 2355 iter
412 2295 475 2352 in
511 2295 754 2353 Domino
795 2297 934 2352 Jesu
987 2298 1044 2352 et
1090 2311 1192 2352 sua
1222 2297 1423 2363 Matre,

249 2368 392 2427 etin
417 2366 687 2426 omnibus
712 2365 811 2439 qui
839 2366 1142 2425 voluerunt
1166 2382 1265 2424 eos
1292 2381 1424 2438 per-

248 2440 398 2498 fecte
448 2437 684 2495 imitari.
743 2436 960 2510 Spiritu
1029 2444 1223 2495 autem
1295 2453 1425 2494 eam

251 2510 654 2584 complectere,
711 2515 769 2566 et
822 2509 1225 2581 cordedilige:
1268 2508 1423 2582 quia,

249 2583 416 2652 alias,
440 2580 735 2638 meritoria
766 2596 884 2637 non
911 2584 1079 2637 esset.
1111 2581 1426 2638 Laudabile

248 2654 484 2730 quidem
534 2668 652 2708 non
679 2653 768 2709 est
794 2666 1103 2724 pauperem
1132 2667 1292 2721 esse:
1324 2650 1427 2708 sed

246 2727 306 2784 in
337 2727 676 2798 paupertate
700 2726 1094 2795 paupertatem
1123 2738 1340 2792 amare,
1367 2725 1427 2779 et

224 2795 603 2871 2paupertatis
627 2794 722 2851 ino
763 2794 849 2852 ias
876 2799 1112 2867 propter
1135 2794 1427 2851 Christum

327 2868 570 2925 udenter
583 2870 642 2922 et
669 2865 729 2921 hi
755 2865 930 2921 ariter
947 2865 1252 2922 sustinere.
1275 2866 1428 2921 Proh

298 2939 450 2995 olori
485 2938 623 3008 quia
647 2935 809 2992 multi
838 2935 910 2992 de
934 2936 1284 3007 paupertatis
1306 2936 1428 2991 solo

254 3008 494 3067 nomine
531 3006 879 3077 gloriantur:
924 3006 1025 3063 sed
1062 3022 1176 3077 quo
1212 3011 1379 3078 pacto
1404 3006 1433 3062 ‘2

254 3083 332 3138 Ut
356 3080 437 3136 eis
462 3076 692 3149 penitus
731 3075 875 3132 nihil
903 3076 1070 3133 desit.
1125 3076 1330 3133 Dicunt
1368 3093 1430 3134 se

256 3150 477 3211 amicos
532 3146 843 3204 Dominicae
888 3147 1268 3220 paupertatis3
1331 3148 1432 3205 sed

255 3218 613 3298 paupertatis
642 3218 867 3277 sodales
890 3222 949 3277 et
970 3218 1185 3277 amicos
1210 3218 1435 3301 fugiunt

261 3298 385 3351 toto
416 3307 604 3365 posse,
663 3290 911 3349 scilicet:
954 3291 1197 3359 samem,
1254 3290 1431 3360 sitim,

258 3363 460 3437 frigus,
482 3363 757 3432 defectuS,
782 3365 1195 3435 contemptum,
1224 3361 1434 3434 despe-

259 3439 439 3505 ctum,
465 3437 522 3492 et
550 3433 898 3506 hujusmodi.
933 3435 1023 3503 Et,
1055 3437 1118 3490 ut
1144 3432 1281 3490 dicit
1302 3436 1434 3489 Ber-

257 3508 493 3576 nardus,
512 3505 713 3563 volunt
740 3521 866 3563 esse
886 3520 1166 3577 pauperes
1186 3504 1287 3561 sed
1314 3503 1438 3561 sine

260 3578 504 3646 defectu,
521 3576 767 3633 humiles
779 3577 879 3633 sed
894 3576 1016 3632 sine
1032 3576 1324 3649 despectu,
1340 3590 1439 3646 pa·

258 3647 470 3705 tientes
498 3650 598 3703 sed
632 3648 755 3703 sine
782 3647 1162 3705 contumeliis.
1194 3650 1275 3704 Tu
1303 3662 1440 3703 vero

256 3733 569 3788 numquam
601 3732 704 3788 pro
733 3717 925 3789 aliqua
953 3734 1017 3774 re
1062 3718 1247 3791 ipsam
1292 3733 1436 3789 pau-

257 3792 543 3864 pertatem
581 3786 792 3845 laedere
825 3787 997 3856 velis:
1033 3794 1090 3846 et
1132 3788 1282 3846 nihil
1310 3805 1441 3845 om-

260 3859 399 3918 nino
449 3859 599 3915 ultra
647 3858 1046 3917 necessitatem
1082 3860 1319 3930 habeas,
1349 3859 1439 3915 vel

261 3931 480 3989 habere
526 3928 837 3987 desideres.
878 3933 948 3987 Et
978 3932 1028 3987 si
1058 3930 1268 4003 quaeris
1306 3946 1436 4003 quae

263 4000 343 4059 sit
401 4000 500 4057 illa
556 4002 866 4058 necessitas
893 4019 909 4072 3
970 4002 1288 4074 respondeo
1334 4000 1439 4058 tibi

307 4071 422 4130 uod
474 4077 688 4155 quanto
744 4070 998 4154 intimius
1044 4076 1440 4154 paupertatem

310 4143 557 4213 'lexer1s,
591 4147 752 4201 tanto
791 4143 1053 4201 subtilius
1095 4146 1167 4202 de
1196 4160 1443 4201 necessi-

266 4219 388 4273 tate
410 4213 716 4287 judicabis.
757 4215 861 4272 Illa
888 4231 1135 4288 namque
1175 4230 1439 4274 necessa-

266 4285 357 4343 ria
382 4291 514 4343 sunt
535 4285 724 4356 nobis,
763 4286 886 4344 sine
919 4287 1128 4359 quibus
1160 4302 1289 4344 esse
1323 4301 1442 4343 non

266 4372 593 4431 possumus.
635 4357 776 4417 Vide
804 4374 942 4433 ergo
980 4374 1051 4418 ea
1084 4360 1207 4416 sine
1236 4356 1443 4431 quibus

1532 588 1692 657 bere,
1718 602 1827 643 nec
1881 592 2171 714 appetere,
2224 606 2331 647 nec
2375 607 2708 664 procurare,

1531 673 1639 714 nec
1665 674 1701 714 a
1726 662 1928 730 sponte
1991 659 2222 717 antibus
2243 661 2519 733 recipere.
2550 663 2712 720 Unde

1529 731 1771 788 Seneca:
1818 752 1847 780 α
1883 729 2235 788 circumcide
2288 735 2604 804 superflua,
2656 737 2715 791 et

1529 799 1591 856 in
1630 804 1849 859 arctum
1879 800 2166 858 desideria
2202 806 2302 859 tua
2350 803 2700 876 constringe.

1528 871 1840 930 Considera
1865 875 2052 929 tecum
2078 878 2353 944 quantum
2379 878 2588 930 natura
2618 890 2711 944 po-

1528 947 1671 1014 scat,
1695 959 1812 998 non
1842 947 2119 1013 quantum
2145 944 2427 1016 cupiditas
2457 948 2706 1016 expetat.

1527 1016 1763 1087 Impone
1792 1013 2266 1086 concupiscentiae
2300 1015 2551 1083 frenum,
2583 1031 2708 1074 om-

1526 1086 1627 1142 nia
1649 1101 1776 1157 quae
1822 1089 1953 1141 sunt
2003 1085 2400 1143 blandimenta
2437 1086 2640 1170 rejice:
2673 1107 2705 1139 »

1525 1158 1651 1213 haec
1687 1158 1910 1213 Seneca.
1958 1157 2070 1212 Sed
2112 1158 2278 1215 multi
2313 1157 2371 1214 in
2390 1157 2707 1240 Judicando

1528 1228 1600 1284 de
1649 1226 1991 1291 necessariis
2029 1231 2087 1284 et
2133 1230 2437 1301 superfluis
2487 1228 2708 1301 decipi-

1527 1303 1722 1367 untur,
1753 1303 1811 1354 et
1848 1298 2147 1370 superfluis
2185 1307 2478 1372 tamquam
2507 1316 2708 1356 neces·

1530 1369 1701 1427 sariis
1747 1373 2004 1426 utuntur.
2058 1369 2220 1428 Unde
2261 1371 2400 1427 dicit
2439 1372 2711 1440 Auqusti·

1533 1457 1639 1497 nus
1690 1458 1707 1497 :
1759 1461 1782 1491 ι
1833 1440 2008 1496 Multa
2060 1457 2167 1498 nos
2229 1441 2290 1498 in
2344 1442 2711 1500 facultatibus

1536 1510 1750 1569 nostris
1789 1513 2078 1583 superflua
2110 1514 2323 1571 habere
2369 1516 2708 1586 probamur,

1539 1583 1589 1639 si
1631 1583 1956 1640 necessaria
1992 1583 2115 1641 sola
2146 1584 2525 1653 retineamus:
2578 1599 2715 1642 nam

1537 1669 1689 1711 vana
1746 1656 2128 1725 quaerentibus
2162 1655 2305 1711 nihil
2357 1656 2586 1727 sufficit,
2659 1658 2718 1712 et

1540 1726 1786 1782 aliorum
1822 1726 2242 1796 quodammodo
2290 1732 2548 1783 retentor
2606 1729 2715 1796 est,

1540 1795 1639 1868 qui
1704 1797 2000 1867 profutura
2046 1797 2389 1869 pauperibus
2437 1797 2721 1854 inutiliter

1538 1868 1732 1924 habet.
1765 1886 1794 1921 »
1849 1867 2009 1924 Unde
2060 1873 2118 1925 et
2166 1871 2416 1925 Seneca:
2479 1889 2508 1921 (ι
2539 1870 2720 1935 Quam

1539 1937 1722 1995 multa
1755 1954 2108 2010 supervacua
2138 1943 2332 1997 essent
2353 1956 2470 1996 non
2499 1939 2720 1995 intelle-

1537 2009 1748 2078 ximus,
1800 2009 1910 2066 nisi
1976 2009 2178 2068 deesse
2227 2010 2522 2083 coeperint.
2572 2012 2719 2067 Tota

1538 2080 1682 2136 mihi
1710 2081 1829 2137 vita
1865 2081 2137 2138 mentitur
2153 2099 2169 2151 3
2187 2120 2192 2125 -
2210 2081 2533 2138 necessaria
2560 2080 2714 2137 indi-

1537 2155 1630 2209 cat
1659 2167 1904 2223 quorum
1932 2167 2142 2222 magna
2182 2168 2316 2224 pars
2361 2166 2714 2224 supervacua

1538 2228 1646 2291 est,
1663 2238 1791 2294 quae
1811 2222 1859 2279 si
1881 2223 2221 2294 quandoque
2246 2223 2556 2279 necessitas
2586 2222 2716 2279 abs-

1535 2295 1685 2364 tulit,
1735 2310 1852 2351 non
1898 2294 2176 2350 sentimus
2221 2293 2412 2351 ablata
2455 2311 2470 2349 :
2512 2314 2542 2345 »
2587 2294 2715 2350 haec

1534 2368 1757 2424 Seneca.
1775 2368 1903 2422 Non
1918 2365 2104 2421 solum
2124 2370 2316 2422 autem
2332 2379 2711 2437 supervacua3

1534 2437 1635 2493 sed
1686 2441 1744 2493 et
1807 2435 2132 2494 necessaria
2187 2442 2320 2493 sunt
2371 2437 2713 2508 quandoque

1535 2509 1973 2566 contemnenda.
2014 2508 2176 2566 Unde
2224 2507 2433 2566 iterum
2465 2509 2710 2566 Seneca:

1539 2599 1570 2634 (ι
1599 2582 1725 2636 Non
1781 2587 1837 2635 te
1911 2580 2132 2650 laudeS,
2198 2579 2247 2634 si
2305 2578 2717 2651 contempseris

1537 2666 1742 2708 aureos
1780 2650 1957 2706 lectos
2003 2655 2061 2706 et
2097 2664 2420 2721 gemmeam
2467 2649 2717 2721 supelle-

1537 2721 1749 2778 ctilem.
1783 2721 1919 2789 Quae
1958 2724 2046 2777 est
2090 2718 2245 2777 enim
2298 2722 2478 2777 virtus
2518 2735 2718 2847 suger-

1536 2808 1718 2849 vacua
1768 2796 2138 2849 contemnere
2165 2791 2194 2847 ‘2
2248 2794 2403 2848 Tunc
2445 2797 2503 2849 te
2540 2808 2575 2848 a
2618 2789 2694 2847 mi

1539 2880 1693 2934 rare,
1744 2879 1876 2920 cum
1911 2863 2323 2935 contempseris
2366 2860 2712 2920 necessaria.

1541 2938 1667 2992 Non
1708 2950 1980 3005 magnam
2029 2949 2155 2991 rem
2216 2933 2379 3002 facis,
2424 2935 2472 2989 si
2524 2932 2716 2988 vivere

1540 3005 1667 3064 sine
1704 3009 1982 3077 apparatu
2016 3008 2219 3076 potes:
2268 3008 2405 3059 tunc
2447 3008 2504 3059 te
2541 3001 2717 3058 mira-

1539 3078 1669 3147 bor,
1696 3077 1744 3133 si
1773 3073 2184 3147 contempseris
2212 3073 2387 3131 etiam
2419 3072 2719 3131 sordidum

1537 3163 1768 3220 panem,
1814 3146 1863 3203 si
1900 3145 2004 3203 tibi
2049 3145 2400 3218 persuaseris
2456 3145 2718 3216 herbam,

1540 3218 1640 3276 ubi
1671 3233 1905 3275 necesse
1947 3222 2036 3274 est
2084 3233 2198 3274 non
2273 3216 2426 3273 ecori
2470 3220 2717 3285 tantum,

1542 3289 1647 3348 sed
1677 3287 1898 3346 homini
1926 3286 2087 3345 nasci
2119 3304 2134 3345 :
2163 3308 2194 3340 ι)
2268 3305 2349 3344 aec
2372 3290 2594 3346 Seneca.

1622 3383 1679 3417 11
1745 3362 2082 3417 Ansrmcno
2134 3377 2172 3416 A
2224 3377 2395 3417 nanus
2447 3375 2723 3417 uuxnms

1543 3448 1736 3489 Tamus
1793 3449 1878 3488 1²11·
1934 3449 2115 3489 noum.
2160 3461 2231 3475 —
2281 3434 2351 3488 Et
2405 3432 2726 3489 notandum

1545 3504 1700 3575 quod
1755 3503 2062 3561 abstractio
2114 3519 2151 3561 a
2197 3504 2369 3561 rebus
2398 3501 2725 3572 mundaniS,

1547 3574 1859 3632 secundum
1888 3575 2253 3647 Ber-nardum,
2285 3575 2352 3630 fit
2390 3574 2575 3631 tribus
2601 3587 2727 3653 mq-

1546 3645 1657 3703 dis.
1715 3646 1941 3703 Primus
1980 3646 2187 3703 modus
2245 3648 2354 3712 est,
2397 3644 2551 3714 quod
2599 3644 2725 3713 quit

1548 3717 1733 3773 solum
1778 3716 1842 3773 in
1868 3716 2211 3774 necessariis
2258 3717 2640 3780 contentetur,
2671 3714 2732 3767 et

1545 3790 1841 3857 tamquam
1879 3786 2159 3843 advenam
2183 3789 2243 3842 et
2270 3783 2643 3868 peregrinum
2666 3796 2730 3838 se

1545 3860 1845 3929 reputans,
1875 3855 2025 3912 victu
2059 3860 2119 3913 et
2158 3861 2365 3913 vestitu
2398 3856 2728 3934 contentus,

1548 3942 1722 3999 grave
1768 3926 2051 3983 existimet
2089 3925 2219 3983 aliis
2264 3923 2535 3982 onerari:
2568 3938 2725 3994 qma,

1548 3998 1866 4057 secundum
1890 3999 2233 4067 Greqorium,
2262 3997 2370 4052 hoc
2393 3994 2580 4067 ipsum
2601 4009 2730 4065 gra·

1546 4069 1696 4127 viter
1736 4071 2005 4136 tolerant,
2060 4065 2213 4139 quod
2262 4064 2596 4124 festinantes
2653 4063 2730 4121 ad

1590 4139 1816 4209 atriam,
1847 4139 1909 4196 in
1934 4139 2163 4208 itinere,
2186 4138 2368 4196 multa
2425 4139 2635 4194 ortant.
2657 4165 2730 4179 —

1592 4212 1845 4269 ecundus
1874 4211 2077 4269 modus
2115 4213 2225 4280 est,
2260 4225 2372 4282 quo
2450 4209 2582 4291 quis
2618 4222 2728 4265 nec

1549 4284 1613 4341 in
1641 4281 1980 4341 necessariis
2026 4281 2365 4353 delectetur,
2394 4284 2453 4337 et
2478 4296 2538 4336 ιιι
2568 4279 2725 4338 nullo

1551 4354 1629 4414 ad
1659 4353 2002 4429 temporalia
2031 4353 2108 4412 sit
2134 4353 2407 4424 affectus3
2448 4351 2551 4410 sed
2577 4355 2727 4411 tam·
