3146 5023
376 347 441 402 ³6
1164 340 1387 396 PRIMAE
1440 340 1681 396 PARTIS
1737 339 1944 393 CAPUT
1998 339 2057 394 1..

373 452 558 524 magis
584 465 759 522 quam
806 462 1106 505 commune
1157 448 1455 518 quaeritur,
1495 451 1553 502 et

374 538 479 595 per
529 524 638 578 hoc
698 521 757 576 in
823 535 1032 588 magna
1091 522 1250 588 parte
1302 518 1551 574 mundus

376 593 708 649 destruitur.
767 593 883 646 Hoc
930 595 1119 645 autem
1171 589 1439 659 procedit
1484 605 1551 645 ex

374 665 601 721 defectu
624 662 893 729 caritatiS,
915 676 1044 732 quae
1068 676 1178 715 non
1205 663 1405 730 quaerit
1431 676 1553 730 quae

372 750 479 791 sua
505 739 655 797 sunt,
693 734 793 789 sed
819 747 946 804 quae
981 732 1243 787 aliorum.
1279 731 1437 787 Unde
1470 732 1552 787 ait

374 807 788 875 chrysostomus
829 825 843 860 ε
894 821 924 855 «
981 804 1112 857 Haec
1170 806 1256 857 est
1302 801 1552 871 perfecta

370 880 558 948 gratia
588 875 858 943 caritatiS,
890 873 1117 943 quando
1153 874 1278 942 quis
1303 871 1427 927 aliis
1469 872 1546 927 fe·

367 947 543 1003 stiuat
592 946 833 1016 amplius
867 943 1016 999 utilis
1049 948 1106 998 et
1132 943 1391 1000 lucrosus
1428 958 1549 998 esse

369 1032 541 1087 quam
599 1018 727 1072 sibi.
790 1034 820 1069 »
882 1016 1062 1085 Igitur
1108 1014 1179 1069 ad
1224 1020 1341 1070 tam
1393 1014 1548 1083 pium

369 1089 813 1154 Samaritanum,
849 1087 920 1142 ad
961 1089 1079 1140 tam
1124 1086 1430 1140 salutarem
1457 1100 1550 1154 pa·

366 1163 580 1214 storem
608 1163 665 1213 et
690 1158 994 1219 medicum,
1018 1155 1077 1211 in
1105 1156 1260 1210 omni
1298 1154 1548 1211 necessi-

365 1234 484 1285 tate
513 1245 737 1297 semper
762 1233 846 1283 est
873 1227 1317 1294 recurrendum;
1346 1232 1403 1281 et
1432 1242 1545 1281 non

367 1301 554 1356 solum
594 1301 937 1365 animarum,
968 1299 1065 1353 sed
1098 1313 1400 1368 corporum
1450 1313 1542 1352 sa-

365 1370 454 1426 lus
483 1372 554 1426 ab
585 1370 708 1440 ipso
748 1369 870 1425 solo
908 1374 991 1424 est
1019 1369 1348 1438 quaerenda,
1381 1373 1437 1423 et
1486 1368 1542 1423 in

366 1456 435 1497 eo
466 1447 589 1497 tota
613 1455 750 1510 spes*
768 1445 962 1496 nostra
993 1445 1079 1494 est
1109 1441 1392 1509 ponenda,
1422 1438 1542 1508 ipse

365 1511 519 1567 enim
551 1514 753 1567 melius
783 1512 940 1566 novit
969 1517 1025 1565 et
1053 1511 1377 1565 considerat
1405 1510 1540 1579 quid

365 1582 600 1638 cuilibet
652 1583 928 1653 expediat.
958 1582 1116 1637 Unde
1142 1582 1491 1649 Auqustinus
1524 1598 1537 1636 :

368 1675 397 1704 α
445 1656 665 1709 Bonum
706 1658 792 1708 est
842 1657 903 1707 ut
945 1652 1014 1706 de
1046 1652 1227 1706 salute
1288 1650 1539 1721 corporis

362 1739 480 1780 non
511 1729 757 1788 satagas,
788 1724 894 1778 nisi
927 1729 990 1776 ut
1017 1738 1051 1776 a
1084 1723 1198 1776 Deo
1224 1722 1326 1775 -illa
1359 1727 1536 1791 petas,

365 1796 425 1850 Si
445 1797 551 1849 scit
581 1795 683 1850 tibi
724 1793 1013 1864 prodesse,
1046 1792 1206 1847 dabit
1251 1792 1442 1859 illam;
1487 1792 1535 1846 si

360 1880 482 1920 non
528 1866 633 1920 tibi
678 1863 919 1930 dederit,
947 1877 1062 1916 non
1118 1861 1228 1917 tibi
1268 1864 1537 1931 proderat

361 1935 579 1991 habere
606 1936 784 1990 illam.
816 1933 981 1988 Novit
1008 1934 1157 1988 Deus
1187 1933 1325 2003 quid
1372 1932 1536 1988 nobis

360 2007 624 2076 expediat
646 2025 658 2073 ;
685 2006 741 2060 id
767 2020 1020 2076 agamuS,
1042 2008 1104 2059 ut
1120 2019 1323 2059 sanum
1344 2005 1416 2058 sit
1437 2020 1535 2058 cor

359 2084 622 2132 nostrum
648 2093 682 2132 a
708 2077 972 2145 peccatis.
1009 2077 1078 2130 Et
1121 2076 1346 2146 quando
1388 2074 1532 2129 forte

360 2148 726 2219 flagellamur
755 2149 812 2203 in
840 2162 1101 2217 corpore,
1132 2147 1316 2216 ipsum
1339 2147 1535 2216 depre-

360 2234 575 2275 cemur.
630 2221 781 2290 Haec,
838 2217 1060 2286 fratres,
1097 2217 1223 2273 ideo
1267 2217 1399 2282 dixi,
1460 2232 1532 2271 ne

358 2289 486 2360 quis
518 2295 737 2360 quaerat
759 2289 972 2359 aliquid
1008 2293 1213 2356 praeter
1260 2286 1532 2342 auxilium

356 2359 461 2415 Dei
489 2378 569 2415 ε.»
602 2363 723 2415 haec
757 2360 1128 2427 Auqustinus,

429 2453 461 2502 7
511 2431 624 2487 Cun
666 2433 910 2486 Donamus
957 2445 1251 2484 Pisauri-‘rar
1297 2445 1530 2484 noumss

355 2519 787 2558 TalssULATmNEu
816 2501 974 2557 ΡΑΤΙΤ
1002 2532 1074 2541 -
1100 2499 1385 2557 Permittit
1411 2499 1531 2571 qui-

356 2574 487 2629 dem
521 2576 666 2630 Deus
691 2572 1092 2629 tribulationes
1123 2573 1531 2626 ettentationes

353 2644 646 2710 advenire,
700 2649 756 2700 et
809 2645 916 2699 scit
969 2643 1238 2714 quamdiu
1287 2643 1532 2698 debeant

356 2714 602 2786 durare3
654 2717 770 2785 ipse
801 2715 953 2770 enim
984 2715 1084 2784 qui
1122 2729 1320 2768 earum
1370 2715 1530 2768 novit

351 2787 704 2857 principium
735 2793 791 2842 et
823 2786 1140 2851 introitum,
1166 2783 1324 2839 novit
1355 2784 1526 2839 etiam

352 2856 528 2913 finem
561 2864 618 2914 et
663 2859 892 2914 exitum.
922 2858 990 2912 Et
1019 2856 1147 2911 ideo
1191 2855 1385 2911 omnia
1427 2872 1527 2924 pa-

350 2930 562 2989 tienter
605 2928 873 2993 fera'muS,
923 2933 980 2983 et
1016 2928 1088 2982 ad
1126 2925 1311 2997 ipsum
1343 2927 1526 2982 solum

350 3008 731 3071 recurrentcS,
745 3001 939 3056 omnia
955 2998 1063 3054 sibi
1080 2999 1524 3053 committamus

350 3072 509 3127 Unde
532 3074 941 3142 Chrysostomus
956 3087 1008 3125 t«
1021 3069 1384 3125 Orationibus
1397 3085 1525 3123 cum

350 3141 688 3213 diligentia,
716 3144 922 3198 fratres
969 3141 1079 3195 mei
1137 3141 1520 3210 intendamus,

351 3215 409 3281 et
453 3213 501 3266 si
537 3228 654 3267 non
693 3212 1099 3282 acceperimus»,
1130 3211 1518 3281 immoremuS,

1611 447 1615 449 ‘
1672 450 1735 501 ut
1775 445 2144 516 accipiamus.
2179 445 2314 501 Ideo
2356 449 2513 503 enim
2552 447 2704 504 Deus
2744 447 2863 506 ali-

1671 533 1844 643 guam
1908 517 2003 571 diu
2052 519 2109 571 et
2167 531 2420 573 annuere
2486 519 2857 588 precantibus

1713 588 1885 656 it'fert,
1903 592 1960 643 et
1975 587 2371 644 tribulationes
2396 588 2616 645 irruere
2648 592 2859 661 permit

1669 660 1761 723 tit,
1784 664 1849 715 ut
1878 659 2144 714 continue
2165 660 2236 714 ad
2266 661 2451 730 ipsum
2477 659 2855 733 refugiamus„

1669 745 1775 784 nec
1833 729 1906 786 ab
1969 745 2037 785 eo
2095 729 2405 801 aliquando
2475 732 2855 790 discedamus-

1669 799 1831 869 Quia,
1889 800 1935 855 si
1993 801 2189 871 quales
2249 801 2307 856 in
2338 800 2712 860 tribulatione
2763 820 2858 860 su-

1668 886 1815 937 muS,
1847 871 1989 926 tales
2027 886 2273 928 essemus
2301 874 2475 929 etiam
2529 875 2588 929 in
2632 877 2857 947 requie,

1666 957 2029 1013 nequaquam
2103 944 2385 1013 egerimus
2449 943 2861 1004 afflictionibus

1666 1013 1904 1068 erudiri.
1947 1015 2016 1067 Et
2060 1014 2195 1084 quid
2246 1014 2374 1070 dico
2422 1015 2491 1069 de
2532 1015 2742 1072 vobis?
2788 1018 2863 1074 Et

1666 1084 1821 1138 enirn
1847 1099 2044 1139 omnes
2071 1084 2414 1156 quicumque
2442 1101 2715 1157 umquam
2737 1089 2858 1144 cla-

1664 1153 1845 1209 riores
1883 1154 2064 1210 induti
2107 1160 2242 1211 sunt
2285 1172 2545 1223 coronas,
2598 1174 2634 1214 a
2660 1158 2849 1214 tribu-

1665 1224 1977 1280 lationibus
2066 1231 2123 1281 et
2194 1227 2608 1284 tentationibus
2669 1228 2861 1286 induti

1663 1300 1816 1364 sunt,
1834 1302 1891 1351 et
1911 1295 2107 1351 famosi
2131 1296 2336 1353 effecti.
2355 1300 2492 1365 Quae
2510 1299 2706 1356 omnia
2727 1317 2856 1373 cog-

1662 1373 1981 1430 noscenteS,
2021 1383 2092 1422 ne
2136 1368 2469 1425 festinemus
2494 1369 2555 1425 in
2597 1376 2858 1443 tempore

1662 1437 2009 1492 inductionis
2060 1438 2217 1502 mali,
2273 1443 2371 1495 secl
2430 1456 2607 1498 unum
2662 1444 2852 1499 solum

1661 1509 2011 1578 erudiamur,
2053 1520 2115 1565 ut
2143 1509 2380 1566 viriliter
2408 1520 2613 1569 cuncta
2637 1514 2851 1570 tolere-

1659 1594 1803 1647 muS,
1838 1595 1942 1634 nec
1973 1581 2041 1635 de
2080 1581 2169 1636 his
2207 1596 2336 1651 quae
2369 1582 2532 1638 nobis
2560 1582 2852 1653 accidunt,

1658 1649 2033 1717 quaestionem
2099 1653 2443 1708 curiositatis
2497 1669 2850 1712 moveamus.

1660 1721 1815 1775 Scire
1854 1722 2006 1777 enim
2037 1723 2268 1792 quando
2306 1728 2534 1793 oportet
2566 1725 2709 1780 solvi
2745 1727 2852 1781 tri·

1656 1791 1996 1861 bulationeS,
2035 1794 2413 1862 permittentis
2446 1799 2535 1852 est
2560 1812 2656 1852 eas
2686 1797 2860 1853 adve—

1656 1863 1817 1930 nire;
1854 1862 2039 1919 illatas
2087 1872 2278 1920 autem
2313 1866 2462 1921 ferre
2518 1882 2650 1922 cum
2693 1867 2852 1924 omni

1654 1934 1970 2001 gratiarum
2034 1938 2277 2005 actione,
2306 1943 2517 1994 nostrae
2544 1943 2631 1994 est
2686 1939 2858 1996 bonae

1655 2006 1861 2059 mentis
1886 2021 2054 2075 opus:
2080 2007 2232 2076 quod
2259 2009 2304 2061 si
2335 2008 2455 2076 fiet,
2483 2010 2678 2065 omnia
2701 2009 2854 2067 bona

1653 2081 1984 2145 sequentur.
2039 2079 2107 2133 Ut
2156 2078 2331 2148 igitur
2363 2080 2486 2135 haec
2524 2096 2851 2151 consequa-

1655 2161 1801 2215 mur,
1833 2152 1890 2201 et
1922 2149 2329 2217 probabiliores
2356 2151 2450 2205 hic
2496 2155 2553 2206 et
2582 2152 2853 2207 clariores

1651 2216 1768 2271 illic
1795 2217 2014 2298 flamm,
2044 2234 2212 2275 omne
2238 2222 2637 2292 quodcumque
2664 2238 2855 2293 super·

1650 2295 1893 2358 venerit,
1948 2305 2114 2359 aequo
2181 2295 2373 2346 animo
2422 2292 2806 2363 suscipiamus
2825 2313 2846 2361 ς

1650 2360 1863 2430 gratias
1908 2370 2141 2431 agentes
2170 2361 2244 2431 ei,
2299 2364 2394 2433 qui
2447 2379 2622 2433 super
2651 2378 2854 2420 omnes

1647 2430 1754 2510 scit
1784 2432 1962 2502 magis
1991 2433 2047 2486 id
2085 2435 2237 2502 quod
2278 2433 2443 2489 nobis
2471 2434 2759 2507 expediat,
2795 2440 2856 2491 et

1650 2500 1760 2582 hJS,
1794 2503 1891 2572 qui
1930 2513 2271 2574 genuerunt,
2306 2506 2707 2562 vehementius
2745 2523 2853 2564 nos

1650 2572 1948 2644 diligenti;
1988 2579 2047 2629 et
2079 2576 2150 2630 ad
2187 2577 2409 2648 singula
2445 2593 2688 2649 quaeque
2727 2579 2844 2633 dis-

1650 2643 1911 2725 crimina,
1953 2647 2053 2700 has
2089 2652 2355 2718 utrasque
2396 2649 2846 2722 excogitationes
2859 2691 2912 2736 ᾖ

1650 2729 1708 2768 in
1748 2715 2189 2795 nobismetipsis,
2220 2724 2516 2774 cantantes
2538 2720 2856 2791 justitiam,'

1650 2800 2105 2854 comprimamus,
2138 2789 2534 2846 Glorilicemus
2563 2796 2755 2846 autern
2789 2792 2849 2847 in

1647 2856 1913 2911 omnibus
1949 2858 2151 2925 Deum,
2191 2876 2293 2930 pro
2328 2861 2494 2917 nobis
2522 2867 2727 2916 cuncta
2752 2860 2843 2917 fa-

1648 2927 1911 3007 cientem,
1928 2929 2199 3001 nobisque
2212 2934 2403 2987 omnia
2421 2932 2840 3002 providentem.

1650 2998 1739 3052 Sic
1764 3000 1914 3053 enim
1956 2999 2118 3056 facile
2149 3007 2207 3057 et
2240 3019 2333 3059 eas
2381 3004 2478 3074 qui
2516 3004 2714 3059 virtuti
2742 3019 2845 3073 op-

1649 3076 1934 3136 ponuntur
1972 3073 2606 3141 expellemusjnsidias,
2637 3080 2694 3129 et
2733 3075 2843 3130 im-

1644 3139 2054 3197 marcessibiles
2075 3159 2489 3217 consequemur
2501 3160 2741 3201 coronas
2766 3162 2780 3203 τ
2807 3165 2838 3199 »

1645 3210 1768 3265 haec
1795 3211 2229 3281 chrysostomus

1461 3410 1721 3468 ORATIO

419 3583 659 3642 Domine
692 3583 822 3639 Jesu
859 3580 1104 3650 Christe,
1139 3579 1332 3635 lumen
1375 3579 1649 3637 claritatis
1687 3584 1944 3652 aetcrnae,
1976 3581 2235 3640 illumina
2267 3585 2651 3653 oculos-meos
2691 3590 2847 3648 inte-

344 3657 545 3726 riores,
566 3671 638 3710 ne
667 3670 934 3724 umquam
962 3651 1321 3708 obdormiam
1347 3651 1403 3707 in
1428 3659 1612 3708 morte
1631 3652 1861 3717 animae,
1891 3660 1950 3709 ut
1978 3670 2078 3723 per
2102 3660 2260 3711 tuam
2285 3659 2529 3729 gratiam
2557 3659 2845 3719 illumina·

347 3733 460 3799 tuS,
494 3725 685 3784 omnia
722 3741 849 3797 quae
888 3724 1108 3797 agenda
1135 3727 1267 3779 sunt
1303 3723 1549 3793 videam,
1582 3729 1638 3779 et
1669 3740 1771 3794 per
1812 3727 2069 3781 eamdem
2104 3728 2334 3798 adjutus
2372 3730 2444 3785 ad
2484 3731 2845 3801 implendum

344 3814 473 3871 quae
504 3799 702 3855 videro
741 3797 1160 3867 convalescam,
1191 3811 1258 3851 ac
1291 3794 1425 3850 inde
1472 3801 1566 3851 tua
1611 3794 1895 3851 beneficia
1940 3811 2224 3868 enarrem,
2256 3801 2328 3856 ad
2371 3800 2454 3856 tui
2499 3801 2746 3871 gloriam
2785 3810 2846 3860 et

341 3872 588 3927 aliorum
629 3869 948 3927 utilitatem.
978 3868 1150 3938 Aperi
1193 3868 1385 3935 etiam,
1415 3867 1679 3935 Domine,
1710 3882 1773 3921 os
1802 3882 1992 3922 meum
2033 3875 2274 3940 mutum,
2313 3877 2543 3941 peccata
2573 3888 2702 3929 mea
2737 3890 2843 3944 per

339 3942 685 3999 infusionem
716 3942 915 4014 gratiae
947 3940 1274 4014 relaxandO,
1303 3944 1359 3994 et
1392 3937 1648 4009 linguam
1678 3952 1865 3992 meam
1897 3940 1968 3993 ad
1998 3944 2096 3995 tua
2132 3944 2421 4009 praeconia
2450 3944 2745 4014 solvendo,
2778 3951 2846 4001 ut

338 4012 608 4085 loquendi
637 4015 822 4087 gratia
847 4015 1134 4086 percepae,
1159 4026 1248 4066 me
1279 4010 1461 4081 ipsum
1485 4013 1769 4073 accusem,
1793 4012 1851 4064 te
1878 4009 2056 4067 Deum
2079 4011 2329 4086 laudem,
2354 4013 2675 4085 proximum
2704 4016 2845 4072 aedi-

334 4082 525 4158 ficem,
557 4093 614 4143 et
646 4085 951 4159 praedicem
983 4084 1302 4141 veritatem.
1334 4082 1535 4138 Amen.
