3146 5023
289 382 298 389 ·
385 372 471 425 111
573 414 580 419 .
837 334 844 339 ’
1124 364 1342 420 rium
1394 367 1631 423 nans
1664 369 1895 420 caru-r
1950 344 2173 419 iixiv'

384 481 572 552 justi:
617 477 674 533 in
704 492 817 548 quo
857 474 1108 547 perfecta
1146 473 1394 543 claritas,
1426 476 1563 544 quia

389 552 722 621 fulqcbunt3
757 563 813 602 111
841 561 952 615 quo
983 544 1226 615 perfecta
1249 544 1554 601 delectabi-

388 625 536 687 litas,
556 620 686 691 quia
707 621 849 673 sicut
869 617 974 684 sol,
1001 614 1163 670 dulce
1181 616 1338 669 enim
1365 616 1559 672 lumen

392 700 476 751 est
496 699 552 748 et
577 687 944 753 delectabile3
974 684 1036 741 in
1063 700 1175 755 quo
1198 685 1451 742 sublimis
1467 688 1556 742 di-

389 765 597 837 gnitaS,
630 760 763 830 quia
795 760 856 812 in
871 772 1038 825 regno
1053 757 1152 825 3in
1182 770 1294 827 quo
1318 764 1560 828 paterna

393 833 617 895 caritas,
645 829 779 899 quia
815 830 1002 884 Patris
1031 842 1233 883 eorum.

455 904 641 959 EAnm
669 915 951 955 raasson
989 915 1268 954 sscnmnm
1302 899 1553 955 MARCUM.

386 1003 454 1017 -
488 976 646 1028 Hanc
681 970 1010 1040 parabolam
1039 971 1346 1026 secundam
1375 972 1560 1043 tangit

385 1047 624 1114 Marcus,
645 1042 855 1097 faciens
874 1046 1096 1097 tantum
1118 1040 1465 1096 mentionem
1488 1041 1558 1096 de

389 1118 540 1173 bono
577 1112 813 1182 semine,
853 1112 1010 1183 quod
1043 1112 1119 1169 ad
1148 1111 1300 1168 solos
1350 1113 1560 1168 electos

421 1187 648 1251 ertinet‚
701 1185 818 1255 qui,
855 1189 1149 1253 tamquam
1196 1184 1446 1239 triticum
1503 1189 1560 1237 et

403 1266 724 1313 rumentum
755 1296 771 1324 ,
845 1256 906 1310 in
983 1254 1254 1311 horreum
1328 1260 1557 1309 aeternae

389 1328 753 1385 beatitudinis
802 1325 1159 1397 colligentur,
1214 1326 1440 1395 quando
1480 1327 1558 1380 zi-

382 1402 544 1456 zania
583 1406 640 1455 et
695 1395 891 1454 lolium
943 1399 1000 1452 in
1059 1397 1345 1452 caminum
1414 1397 1559 1466 ignis

382 1474 699 1528 mittentur.
755 1469 913 1524 Unde
968 1473 1263 1538 comparat
1315 1483 1556 1538 regnum

383 1544 679 1608 coelorum,
736 1540 794 1595 id
855 1544 942 1594 est
980 1538 1308 1608 Ecclesiam,
1342 1554 1468 1608 quae
1523 1555 1557 1593 a

383 1616 498 1669 Deo
537 1611 755 1683 regitur
784 1616 841 1666 et
862 1609 1122 1666 homines
1151 1608 1554 1681 regit,h01nini

376 1686 612 1756 jacienti
648 1697 840 1739 semen
859 1681 925 1737 'in
948 1688 1182 1748 terram,
1202 1685 1309 1735 etc.
1342 1681 1450 1735 Per
1479 1697 1556 1735 se-

383 1772 503 1813 men
557 1752 893 1822 intelligitur
940 1753 1173 1807 verbum
1203 1751 1354 1819 vitae,
1403 1753 1553 1821 quod

382 1829 557 1888 homa,
590 1825 803 1877 scilicet
846 1823 1120 1891 ChristuS,
1157 1824 1457 1877 seminavit
1494 1825 1552 1878 in

382 1898 550 1953 corda
585 1898 828 1949 humana
839 1911 857 1963 3
891 1899 948 1948 et
972 1893 1237 1948 dormivit
1266 1909 1363 1962 per
1395 1908 1551 1947 mor-

381 1973 518 2023 tem.
553 1964 813 2034 Exsurgit
851 1970 1040 2020 autem
1078 1979 1293 2034 semen,
1323 1970 1476 2018 nocte
1501 1970 1552 2020 et

383 2038 493 2102 die,
522 2054 586 2091 ac
627 2036 911 2107 germinat
935 2041 992 2092 et
1019 2036 1236 2102 crescit,
1265 2037 1400 2105 quia
1431 2042 1553 2103 post

381 2125 646 2165 somnum
679 2108 885 2162 Christi
908 2122 1176 2163 numerus
1198 2106 1549 2162 credentium

384 2196 486 2250 per
529 2183 768 2235 adversa
798 2184 854 2235 et
896 2194 1166 2251 prospera
1212 2180 1552 2250 germinavit

381 2253 438 2307 in
471 2252 603 2317 fide,
645 2256 699 2307 et
741 2249 915 2305 crevit
953 2251 1012 2304 in
1057 2265 1264 2320 opere;
1298 2250 1428 2304 dum
1456 2266 1550 2304 nc-

381 2324 485 2377 scit
532 2325 647 2379 ille.
682 2323 789 2375 hoc
835 2325 919 2375 est
964 2322 1182 2375 nescire
1233 2335 1339 2374 nos
1393 2320 1548 2383 facit,

380 2408 546 2463 quem
570 2392 785 2445 sfilicet
800 2390 1045 2444 fructum
1075 2406 1253 2459 usque
1286 2392 1342 2444 in
1375 2390 1547 2447 finem

377 2461 596 2520 afferat.
631 2464 699 2516 Et
726 2465 873 2516 terra
895 2461 1040 2517 ultro
1064 2462 1389 2532 fructificat,
1415 2463 1548 2533 quia

375 2535 665 2589 voluntate
716 2533 1037 2603 adducitur,
1072 2537 1134 2588 ut
1171 2533 1415 2588 fructum
1458 2535 1546 2590 fa-

377 2605 505 2672 ciat,
555 2607 734 2675 primo
787 2604 1030 2674 herbam,
1078 2605 1274 2660 deinde
1312 2608 1543 2676 spicam,

374 2677 570 2732 deindo
597 2678 819 2746 plenum
857 2677 1195 2744 frumentum
1243 2679 1310 2733 in
1367 2681 1543 2748 spica.

375 2750 451 2803 Ex
481 2765 692 2802 somine
733 2748 883 2802 enim
935 2747 1042 2803 isto
1083 2753 1311 2816 recepto
1352 2748 1411 2801 111
1442 2750 1545 2803 ali-

377 2835 488 2892 quo
524 2819 774 2886 homine,
804 2819 989 2889 primo
1028 2817 1346 2887 concipitur
1375 2821 1548 2875 timor

378 2892 699 2947 divinorum
716 2890 1084 2961 judiciorum,
1104 2895 1160 2945 et
1192 2890 1548 2961 significatur

375 2978 477 3033 per
519 2963 774 3026 horbam,
808 2976 935 3032 quae
977 2965 1061 3016 est
1099 2960 1233 3032 quid
1278 2962 1547 3031 imperfe-

379 3040 528 3088 ctum
557 3051 571 3100 3
603 3040 658 3088 ct
682 3033 817 3104 quia
845 3048 912 3089 cx
943 3032 1146 3088 timore
1169 3040 1349 3088 cessat
1374 3034 1545 3088 homo

375 3105 609 3170 amalis
639 3113 694 3159 et
727 3104 924 3173 incipit
962 3119 1022 3159 se
1061 3119 1324 3160 exercere
1350 3105 1410 3164 in
1442 3104 1548 3160 bo·

375 3176 482 3242 niS,
511 3177 636 3227 idco
666 3176 912 3229 secundo
942 3174 1258 3246 concipitur
1284 3191 1411 3245 spes
1456 3176 1543 3230 di-

373 3245 631 3299 vinorum
664 3244 1090 3317 beneficiorum,
1122 3262 1250 3317 quae
1267 3246 1548 3317 significa-

374 3320 468 3368 tur
497 3331 595 3382 per
624 3314 857 3384 spicam,
898 3316 957 3370 in
985 3333 1098 3388 qua
1144 3323 1230 3373 est
1262 3318 1380 3388 jam
1422 3334 1546 3387 spes

377 3384 535 3456 grani
564 3385 734 3438 l'uturi
755 3402 773 3452 3
798 3384 968 3440 tertio
990 3404 1056 3441 ex
1076 3388 1186 3443 hoc
1212 3389 1380 3443 datur
1407 3389 1546 3442 cari-

377 3457 512 3511 tativ
523 3471 585 3509 us
600 3473 627 3508 a
637 3471 775 3519 mor,
787 3455 883 3526 qui
897 3457 1058 3512 habet
1069 3474 1205 3530 opus
1217 3462 1544 3530 perfectum,

375 3532 435 3583 et
464 3526 592 3581 ideo
621 3525 974 3597 significatur
1010 3544 1112 3599 per
1149 3530 1380 3600 plenum
1412 3545 1543 3596 gra-

372 3614 531 3666 num,
561 3599 716 3668 quia,
746 3604 809 3654 ut
834 3598 970 3654 dicit
994 3601 1294 3672 Apostolus
1320 3618 1333 3656 ε
1365 3602 1545 3655 Pleni-

372 3672 502 3726 tudo
524 3673 684 3739 Leffis
715 3674 794 3726 est
822 3672 1064 3727 dilectio,
1091 3671 1215 3740 Vel,
1245 3677 1394 3727 terra
1421 3675 1544 3740 fru-

370 3745 574 3812 ctificat
600 3744 779 3812 primo
811 3743 1058 3813 herbam,
1087 3743 1285 3799 deinde
1313 3746 1543 3813 spicam,

371 3814 567 3869 deinde
604 3815 825 3884 plenum
878 3815 1218 3882 frumentum
1253 3834 1269 3870 ε
1305 3816 1413 3870 1100
1464 3820 1551 3869 est

367 3885 654 3954 timorem,
698 3886 1106 3957 poenitentiam,
1134 3892 1190 3942 et
1229 3887 1545 3942 caritatem.

373 3955 458 4012 Illi
486 3959 581 4028 qui
610 3963 888 4028 generant
913 3958 1158 4027 herbam,
1187 3958 1244 4014 id
1275 3964 1360 4013 est
1379 3958 1546 4012 timo-

373 4044 514 4092 rem,
549 4034 680 4083 sunt
710 4030 1068 4102 incipientes,
1100 4030 1197 4101 qui
1220 4030 1430 4085 debent
1449 4027 1571 4094 inu

374 4099 562 4179 cipere
591 4117 623 4154 a
642 4101 881 4170 timore;
912 4102 1057 4158 sicut
1083 4100 1236 4157 enim
1258 4100 1437 4156 herba
1465 4105 1549 4155 est

374 4173 715 4241 principium
763 4171 956 4243 spicas,
1014 4172 1095 4230 sic
1135 4175 1300 4228 timor
1327 4173 1550 4227 Domini

374 4245 458 4295 est
493 4243 832 4313 principium
877 4245 1039 4313 vitae,
1087 4248 1152 4299 et
1201 4246 1427 4299 initium
1456 4258 1546 4298 sa-

363 4312 610 4381 pientiae.
645 4313 730 4369 Illi
772 4313 868 4384 qui
907 4317 1189 4386 generant
1221 4316 1434 4385 spicam
1464 4314 1544 4386 id,

1677 480 1762 530 est
1807 475 2201 545 poenitentiam
2240 475 2462 546 duram,
2493 483 2627 535 sunt
2668 481 2854 552 profi·

1675 545 1923 615 cientae3
1958 547 2054 616 qui
2103 546 2248 601 sicut
2293 545 2558 605 delectat-i
2602 559 2739 609 sunt
2789 555 2847 610 in

1674 617 1939 689 peccatis,
1965 618 2045 672 sic
2063 616 2271 675 debent
2295 633 2356 674 se
2371 618 2634 692 affligere
2654 624 2718 679 in
2736 641 2850 696 poe-

1673 688 1916 744 nitentia
1956 693 2014 744 et
2060 687 2343 744 lamentis,
2386 690 2476 745 Illi
2514 694 2849 763 qniprodu·

1673 764 1809 814 cunt
1831 761 2059 830 plenum
2103 760 2467 829 mamertium,
2499 763 2555 817 id
2589 767 2847 823 03101111-

1671 834 1849 887 tatem
1877 834 1933 885 et
1959 831 2516 902 ·1101101111110110111111
2538 833 2849 904 plenitudi-

1672 916 1827 969 nem,
1858 907 1991 957 sunt
2022 900 2276 972 perfecti,
2318 904 2416 974 qni
2448 906 2662 962 habent
2692 909 2847 964 cari-

1673 977 1850 1028 tatem
1877 973 1978 1028 Dei
2004 979 2062 1029 et
2082 973 2326 1042 proximi
2358 991 2373 1031 :
2397 974 2537 1045 quia
2556 978 2851 1047 plenitudo

1671 1045 1834 1112 Leyis
1862 1047 1942 1099 est
1972 1045 2195 1100 dilectio
2220 1045 2336 1100 sive
2350 1050 2599 1115 caritas;
2625 1054 2682 1104 et
2705 1054 2851 1106 tunc

1675 1120 1760 1169 est
1794 1116 1963 1171 homo
1992 1115 2320 1187 dispositus,
2345 1122 2409 1171 ut
2434 1118 2503 1172 de
2532 1124 2679 1174 statu
2709 1135 2847 1192 gra·
2872 1144 2877 1153 ·

1670 1186 1768 1241 t'rae
1797 1191 2048 1242 transeat
2074 1187 2149 1241 ad
2190 1188 2449 1257 gloriam.
2478 1190 2545 1245 Et
2573 1190 2698 1246 ideo
2722 1192 2847 1246 Do-

1673 1255 1860 1312 minus
1885 1262 2022 1312 tunc
2044 1260 2222 1313 mittit
2249 1259 2469 1326 falcem,
2494 1260 2552 1316 id
2577 1266 2660 1316 est
2685 1276 2844 1317 mor-

1671 1332 1811 1401 terq,
1840 1327 2232 1384 ‘abscindendo
2264 1329 2448 1399 justos
2480 1331 2548 1386 de
2578 1333 2843 1401 praesenti

1670 1399 1809 1462 vita,
1860 1403 1921 1453 ut
1957 1398 2269 1455 transferat
2295 1400 2366 1456 ad
2400 1400 2681 1472 gloriam3
2718 1419 2849 1475 quo·

1669 1471 1825 1524 niam
1874 1470 2033 1526 adest
2070 1473 2284 1540 messis,
2347 1471 2402 1527 id
2453 1479 2536 1528 est
2592 1473 2844 1530 collectio

1666 1540 1953 1611 justorum
1977 1542 2036 1596 in
2067 1544 2273 1612 patria.
2298 1543 2619 1599 Secundum
2650 1545 2843 1615 Greco-

1668 1613 1839 1680 rium,
1879 1627 2074 1667 semen
2104 1613 2280 1667 homo
2322 1615 2463 1685 jacit
2511 1616 2568 1670 in
2607 1621 2842 1688 terram,

1670 1699 1799 1738 cum
1817 1684 1973 1739 cordi
1999 1699 2102 1738 suo
2136 1683 2345 1740 honam
2373 1685 2743 1742 intentionem
2760 1687 2845 1742 in·

1668 1755 1825 1809 serit.
1850 1755 1927 1808 Et
1956 1759 2254 1824 postquam
2302 1770 2495 1810 semen
2515 1757 2839 1826 jactaverit,

1668 1824 1898 1894 dormit,
1930 1823 2065 1894 quia
2092 1826 2214 1896 jam
2257 1826 2317 1881 in
2345 1842 2441 1893 spe
2479 1826 2614 1882 boni
2656 1829 2847 1898 operis

1668 1895 1904 1965 quescit.
1937 1896 2110 1951 Nocte
2142 1912 2284 1953 vcro
2328 1897 2579 1967 exsurgit
2626 1913 2692 1954 ac
2726 1899 2841 1969 die,

1667 1968 1801 2035 quia
1830 1967 1978 2022 inter
2006 1967 2243 2022 adversa
2272 1973 2329 2023 et
2360 1984 2627 2038 prospera
2661 1969 2840 2039 proti·

1668 2039 1763 2093 cit.
1795 2039 1865 2092 Et
1907 2052 2100 2094 semen
2132 2040 2435 2110 germinat,
2469 2047 2526 2094 et
2554 2040 2841 2109 increscit,

1667 2108 1801 2164 dum
1835 2109 1927 2165 ille
1955 2108 2135 2164 nescit
2164 2124 2182 2164 :
2219 2111 2352 2182 quia
2386 2115 2443 2165 et
2485 2126 2614 2167 cum
2653 2112 2841 2168 adhuc

1666 2180 1853 2234 metiri
1876 2179 2230 2236 incrementa
2260 2198 2362 2237 sua
2392 2198 2506 2237 non
2549 2184 2720 2252 valet,
2750 2198 2839 2240 se-

1664 2250 1777 2307 11101
1795 2256 2069 2319 concepta
2095 2252 2269 2306 virtus
2289 2254 2359 2306 ad
2380 2252 2696 2320 profectum
2727 2253 2840 2309 du-

1664 2323 1826 2376 citur.
1854 2322 1924 2375 Et
1954 2321 2106 2377 ultro
2134 2325 2294 2377 terra
2322 2322 2647 2392 fructificat,
2680 2322 2839 2396 quia,

1661 2393 2044 2474 praeveniente
2087 2407 2147 2448 se
2193 2392 2395 2464 gratia,
2454 2409 2614 2449 mens
2650 2396 2840 2451 homi·
2931 2406 2942 2416 ·

1660 2480 1748 2519 nis
1783 2470 2094 2535 spontanee
2131 2464 2203 2520 ad
2239 2464 2484 2521 fructum
2520 2466 2656 2522 honi
2703 2482 2842 2538 ope·

1660 2535 1741 2592 ris
1764 2537 2030 2608 assurgit.
2063 2535 2204 2592 Cum
2243 2553 2380 2609 ergo
2420 2538 2702 2595 desideria
2728 2538 2837 2594 110-

1660 2623 1733 2664 na
1774 2609 2148 2678 concipimus,
2186 2623 2384 2664 semen
2424 2608 2482 2664 in
2514 2616 2669 2665 terra
2701 2610 2834 2665 mit-

1658 2680 1833 2733 timus
1852 2697 1870 2749 ;
1907 2695 2035 2734 cum
2064 2694 2201 2734 vero
2233 2679 2458 2750 operari
2486 2685 2642 2744 recta
2691 2680 2836 2735 inci-

1660 2748 1864 2820 pimus,
1908 2748 2089 2806 herba
2118 2766 2346 2816 sumus;
2382 2766 2510 2805 cum
2543 2755 2734 2805 autem
2759 2752 2831 2807 ad

1661 2820 1979 2891 profectum
2014 2837 2153 2893 opus
2190 2822 2492 2885 trahimus.
2522 2822 2593 2876 ad
2621 2822 2836 2891 spicam

1660 2892 2055 2963 pervenimus;
2085 2908 2327 2964 cumque
2350 2893 2407 2947 in
2433 2893 2691 2963 ejusdem
2709 2908 2838 2964 ope-

1656 2964 1737 3018 ris
1753 2963 1985 3020 demum
2007 2964 2353 3034 perfectione
2372 2965 2705 3034 solidamur,
2716 2965 2835 3035 jam

1658 3035 1893 3106 plenum
1922 3036 2273 3091 frumentum
2302 3037 2362 3090 in
2406 3037 2565 3106 spica
2596 3036 2836 3106 proferi-

1659 3122 1805 3161 muS.
1840 3106 2211 3176 Omnipotens
2233 3112 2423 3161 autem
2453 3109 2599 3160 Deus
2629 3108 2688 3162 in
2712 3122 2840 3176 pro·

1660 3177 1894 3232 ductum
1924 3177 2171 3232 fructum
2201 3177 2404 3231 falcem
2438 3175 2629 3244 mittit,
2664 3183 2836 3247 atque

1658 3263 1898 3303 messem
1925 3262 2085 3303 suam
2104 3248 2333 3301 desecat
2352 3263 2365 3311 ς
2387 3244 2678 3316 quoniam,
2706 3262 2837 3303 cum

1659 3332 2122 3388 unumquemque
2145 3315 2218 3371 ad
2241 3332 2414 3385 opera
2434 3317 2684 3385 perfecta
2709 3332 2837 3387 per-

1658 3389 1899 3457 duxerit,
1946 3389 2066 3459 ejus
2110 3386 2479 3454 temporalem
2518 3387 2693 3442 vitam
2733 3404 2836 3458 per

1657 3460 1968 3515 immissam
2005 3458 2345 3513 sententiam
2374 3454 2590 3520 incidit,
2621 3463 2682 3512 ut
2707 3474 2835 3529 gra-

1657 3545 1794 3585 num
1841 3543 2004 3584 suum
2042 3528 2116 3583 ad
2147 3527 2397 3583 coelestia
2444 3528 2653 3583 horrea
2703 3544 2832 3599 per·

1659 3601 1846 3657 ducat.
1882 3598 2026 3655 Vide
2064 3614 2225 3670 ergo,
2266 3614 2337 3654 ne
2389 3597 2464 3653 sis
2511 3602 2736 3655 tantum
2772 3600 2835 3656 in

1656 3672 1838 3727 herba
1866 3670 1954 3726 vel
1985 3671 2161 3741 spica,
2202 3674 2260 3726 et
2302 3669 2695 3727 maturitatem
2732 3687 2835 3728 ex-

1646 3747 1875 3813 spectes
1896 3741 1958 3825 in
1978 3741 2290 3813 purgatorii
2313 3757 2510 3813 poena;
2533 3757 2648 3797 non
2678 3743 2833 3798 enim

1656 3814 1905 3870 fructum
1939 3820 2310 3869 immaturum
2350 3818 2662 3885 congregat
2687 3814 2835 3871 Deus

1657 3884 1719 3941 in
1747 3886 2019 3941 horreum
2045 3900 2234 3941 suum.
2266 3884 2461 3941 Nullus
2489 3889 2704 3955 tamen,
2736 3884 2832 3956 qni

1657 3957 1732 4013 ad
1771 3958 1987 4013 bonum
2013 3957 2362 4028 propositum
2383 3956 2569 4011 adhuc
2591 3955 2653 4012 in
2674 3970 2833 4010 men·

1656 4027 1731 4084 tis
1758 4029 2145 4085 teneritudine
2171 4043 2293 4084 esse
2321 4027 2687 4096 conspicitur,
2722 4026 2831 4081 ‘de-

1656 4099 1931 4172 spiciatur
1957 4119 1972 4160 1
2029 4101 2166 4172 quia
2216 4098 2564 4155 frumentum
2602 4097 2703 4153 Dei
2754 4096 2826 4152 ab

1657 4172 1838 4229 herba
1863 4169 2083 4242 incipit,
2113 4175 2173 4226 ut
2196 4185 2443 4242 granum
2475 4168 2595 4226 fiat.

1732 4265 1798 4300 10
1830 4246 2119 4298 Pannona
2148 4257 2216 4296 ns
2256 4257 2434 4297 camo
2492 4255 2721 4308 smmum
2764 4255 2827 4294 ‘m

1650 4331 1767 4378 nus
1791 4328 2138 4370 cescum-run
2159 4328 2361 4369 smus
2390 4313 2664 4368 Eccmsm
2692 4327 2828 4367 rosr
