3146 5023
306 398 395 457 ¹52
1053 397 1274 452 PRIHB
1326 394 1562 449 runs
1615 394 1841 471 cunr
1879 397 2006 449 va

315 524 472 578 nem,
502 509 679 576 cacis,
708 505 768 563 id
810 510 898 563 est
945 502 1267 563 Gentilibus
1312 517 1485 559 excae·

313 578 458 637 catis
489 594 596 651 per
629 593 919 645 errorem3
955 575 1234 632 dimittere
1266 572 1483 640 confra-

315 657 448 720 ctos,
493 655 551 707 et
585 649 885 720 depressos
936 643 1284 717 importabili
1337 658 1480 714 pon·

316 722 453 779 dere
598 718 667 787 's,
713 721 774 773 in
823 720 1219 784 remissionem,
1265 713 1484 772 scilicet

316 807 423 865 per
550 794 686 846 tiam
728 803 890 844 novae
929 786 1094 858 Legis
1123 785 1478 853 alleviando;

310 879 432 935 με
471 865 619 916 icare
655 875 862 915 annum
913 860 1136 914 Domini
1179 862 1479 938 acceptum,

313 947 532 989 annum
607 928 824 987 scilicet
875 927 1270 1000 benignitatis,
1350 942 1485 999 quia

313 1019 456 1059 nunc
485 1008 697 1072 tempus
752 1001 1109 1072 acceptabile,
1164 1016 1310 1057 nunc
1364 999 1483 1054 dies

313 1075 536 1142 salutis,
567 1071 677 1129 iste
704 1087 892 1128 annus
930 1076 1019 1128 est
1044 1075 1226 1128 totum
1256 1076 1483 1143 tempus

310 1143 597 1210 Ecclesiae,
647 1146 704 1199 et
759 1140 1084 1225 specialiter
1125 1157 1310 1200 annus
1344 1143 1481 1197 Pas·

308 1214 482 1272 sionis
518 1212 747 1283 Christi,
783 1230 843 1270 in
887 1229 997 1286 quo
1049 1211 1326 1271 Dominus
1407 1212 1485 1268 la-

310 1291 472 1343 catus
525 1289 612 1342 est
675 1286 927 1342 humano
999 1285 1222 1357 generi,
1297 1300 1360 1340 so
1388 1286 1484 1340 uta

306 1356 550 1414 emenda
579 1354 748 1429 primi
778 1354 1028 1438 peccati3
1063 1362 1114 1413 et
1143 1357 1289 1412 diem
1316 1357 1483 1411 retri-

310 1429 571 1496 butionis,
619 1425 854 1484 extremi
911 1426 1100 1484 ‘udicii
1145 1425 1482 1486 sententiam

306 1498 705 1556 comminando
721 1514 893 1555 secun
937 1514 1032 1555 um
1047 1497 1270 1566 merita,
1286 1496 1382 1554 ubi
1399 1511 1486 1552 re-

306 1569 593 1628 tribuetur
637 1573 932 1640 unicuique
976 1570 1271 1627 secundum
1320 1584 1485 1649 opera

307 1658 429 1698 sua.
462 1643 793 1714 Tanguntur
825 1646 1017 1698 autem
1044 1640 1136 1697 hic
1166 1655 1262 1697 sex
1290 1639 1483 1696 condi-

317 1711 527 1782 tiones,
556 1728 697 1784 quas
726 1711 896 1769 debet
909 1712 1123 1769 hahere
1145 1710 1488 1783 praedicator

322 1784 411 1839 vel
441 1784 712 1856 praelatus
743 1800 756 1837 ε
799 1782 982 1853 prima
1023 1787 1111 1839 est
1146 1780 1486 1839 miserorum

325 1854 657 1923 consolatio,
673 1853 753 1910 ihi
770 1870 784 1908 ι
815 1855 1486 1924 Evanqelizarepauperi-

327 1925 463 1993 bus;
504 1924 752 1981 secunda
779 1929 866 1980 est
914 1923 1311 1996 poenitentium
1348 1939 1485 1979 con·

323 1994 577 2064 fortatio,
615 1994 728 2052 ibi:
760 2011 957 2051 sanare
989 1997 1288 2064 contrito-53
1318 1993 1490 2051 tertia

325 2071 413 2124 est
441 2066 788 2140 captivorum
822 2066 1087 2136 visitatio,
1120 2064 1239 2122 ihi:
1272 2067 1485 2138 praedi-

323 2154 447 2196 care
472 2139 708 2210 captivis
729 2141 1101 2195 remissionem
1126 2156 1141 2207 ;
1173 2144 1379 2210 quarta
1399 2142 1489 2194 est

312 2208 708 2282 imperitorum
744 2209 1065 2280 instructio,
1094 2208 1174 2267 ibi
1205 2229 1222 2265 ε
1254 2215 1305 2265 et
1333 2212 1486 2266 caecis

312 2284 492 2337 visum
518 2299 533 2349 3
563 2284 763 2363 quinta
792 2287 878 2337 est
904 2296 1304 2353 oppressorum
1343 2279 1486 2337 rele-

321 2351 598 2420 vat10,ibi
623 2369 636 2407 :
665 2353 942 2407 dimittere
962 2354 1303 2421 confract083
1329 2356 1485 2408 sexta

323 2425 417 2478 est
443 2421 740 2493 pigrorum
790 2421 1073 2491 excitatio,
1113 2421 1194 2478 ibi
1232 2439 1247 2478 :
1285 2423 1486 2493 praedi-

320 2508 443 2551 care
460 2510 666 2548 annum
689 2496 910 2549 Domini
936 2498 1237 2565 acceptum,
1268 2497 1320 2549 et
1338 2495 1483 2551 diem

320 2565 718 2620 retributionis.
743 2564 1085 2621 Revolutum
1112 2580 1247 2636 ergo
1272 2565 1481 2623 librum

323 2634 484 2707 legit,
516 2635 650 2707 quia
683 2635 872 2708 palam
907 2635 1126 2694 locutus
1158 2641 1246 2693 est
1272 2641 1329 2693 et
1354 2653 1477 2695 om-

322 2723 455 2764 nem
479 2707 774 2764 veritatem
804 2706 1012 2764 docuit.

390 2783 423 2835 5
452 2780 532 2834 Dii
550 2796 886 2834 REVERENTIA
908 2796 1050 2835 ERGA
1071 2796 1261 2835 unitos
1281 2797 1477 2837 ssciios

320 2868 571 2907 manns
598 2868 662 2905 ετ
689 2868 757 2906 nii
782 2867 1207 2908 rumnnirnnmn
1235 2852 1473 2909 Ciiiusri.

302 2950 377 2970 -
403 2923 473 2979 Et
496 2920 702 2979 deinde
720 2920 911 2993 plicuit
931 2921 1138 2981 librum
1162 2921 1219 2978 in
1251 2939 1361 2995 quo
1396 2923 1477 2979 le-

310 2997 494 3067 gerat,
526 2993 586 3049 in
614 3009 725 3064 quo
763 2992 1079 3065 intelligere
1116 2993 1291 3063 dedit,
1325 2994 1477 3066 quod

309 3081 430 3121 non
450 3064 644 3121 omnia
660 3064 926 3122 omnibus
944 3069 1078 3122 sunt
1090 3065 1471 3137 praedicanda.

310 3136 428 3192 Hoc
476 3135 649 3192 etiam
718 3135 869 3205 fecit,
928 3137 1001 3192 ad
1064 3135 1477 3193 ostendendum

315 3205 466 3277 quod
484 3205 612 3262 libri
633 3222 810 3263 sacrae
825 3206 1128 3276 Scripturae
1148 3213 1478 3264 reverenter

314 3276 594 3331 tractandi
637 3281 785 3332 sunt.
833 3278 992 3334 Unde
1031 3282 1089 3333 et
1118 3277 1298 3336 Judaei
1331 3278 1478 3335 hanc

316 3345 695 3403 reverentiam
719 3346 931 3404 faciunt
956 3348 1117 3406 libris
1134 3349 1357 3407 Veteris
1381 3353 1480 3406 Te-

315 3415 604 3484 stamenti,
658 3418 812 3488 quod
883 3420 1039 3476 nullo
1105 3421 1272 3477 modo
1321 3422 1481 3493 juxta

320 3486 451 3545 illos
487 3487 754 3544 sederent
804 3493 922 3545 tam
965 3490 1099 3560 alte,
1141 3507 1311 3563 quam
1349 3490 1482 3549 libri

321 3565 454 3618 sunt
481 3558 650 3630 positi
690 3577 705 3629 ;
758 3560 935 3616 multo
984 3561 1166 3634 magis
1212 3564 1484 3620 debemus

322 3646 432 3690 iios
460 3629 839 3689 reverentiam
869 3630 1030 3690 libris
1056 3632 1347 3708 Evangelii
1386 3650 1485 3691 ex·

320 3702 543 3772 bibere,
571 3703 743 3774 quod,
790 3707 967 3762 tantae
1002 3710 1091 3763 est
1125 3705 1485 3775 reverentiae,

319 3779 406 3845 ut,
429 3775 737 3832 secundum
756 3775 1221 3848 chrysostomum,
1246 3776 1295 3834 si
1313 3779 1492 3834 Evan-

324 3846 539 3918 gelium
565 3847 849 3919 suscipere
869 3852 1180 3929 oporteret,
1212 3864 1327 3906 non
1357 3847 1491 3905 lotis

320 3917 609 3987 manibus,
659 3935 777 3975 non
837 3923 1031 3990 utique
1086 3919 1327 3992 eligeres
1383 3920 1493 3978 hoc

324 3986 534 4047 facere.
567 3991 645 4045 Ex
675 4006 787 4061 quo
811 3995 970 4063 patet
1006 3991 1158 4062 quod
1187 3990 1491 4050 Christiani

326 4064 459 4117 sunt
485 4061 723 4118 multum
742 4060 1220 4134 reprehendendi,
1253 4060 1350 4134 qui
1373 4080 1491 4120 non

330 4131 517 4187 solum
540 4131 715 4189 libros
744 4132 964 4189 Veteris
993 4133 1492 4201 Testamenti,·sed

332 4201 504 4259 etiam
545 4203 706 4273 Novi,
755 4209 813 4260 et
865 4219 1031 4262 sacra
1072 4205 1385 4276 Evangelia
1411 4205 1493 4264 ita

328 4269 713 4355 irreverenter
748 4278 1014 4357 tractant,
1066 4279 1125 4332 et
1150 4277 1489 4350 quandoque

327 4349 755 4414 irreverentius,
779 4360 949 4417 quam
976 4345 1154 4404 libros
1180 4345 1490 4405 Gentilium

1593 499 1995 561 damnatorum
2004 546 2020 573 ‚
2037 519 2142 562 seu
2155 508 2342 562 vestes
2382 508 2443 561 et
2458 505 2639 569 multa
2651 504 2771 562 ali&

1594 587 1789 628 rerum
1806 575 2245 634 transeuntium.
2265 577 2334 632 Et
2346 546 2493 635 bene
2515 575 2665 645 dicit.
2676 593 2763 649 re:

1593 643 1769 716 volvit
1798 649 1856 701 et
1888 648 2091 717 plicuit
2120 665 2138 717 ;
2167 663 2273 717 nec
2294 645 2432 703 dicit
2458 645 2682 719 apernit
2710 649 2770 704 et

1599 714 1821 796 clausit,
1855 716 1993 789 quia
2038 716 2167 775 libri
2216 718 2546 776 Judaeorum
2583 718 2643 775 in
2671 734 2765 775 ro-

1598 786 1739 842 tulis
1778 793 1932 845 sunt.
1969 790 2235 846 Reddidit
2261 795 2444 847 autem
2483 792 2769 856 ministro,

1600 854 1811 914 librum
1861 858 2155 932 plicatum,
2202 852 2336 931 quia
2375 859 2502 917 aliis
2538 857 2775 917 tradidit

1602 930 2034 1011 evangelizandi
2072 930 2348 1000 officium,
2381 936 2439 990 et
2472 947 2579 1004 pro
2605 933 2779 1003 captu

1603 1001 1982 1071 audientium,
2016 1002 2300 1059 commisit
2322 1001 2777 1072 dispensandum

1602 1071 1875 1142 verbum;
1911 1079 1963 1133 et
1999 1074 2164 1143 sedit,
2213 1077 2276 1130 ut
2315 1073 2566 1130 sedendo
2606 1087 2774 1144 expo·

1597 1147 1763 1199 neret
1813 1150 2056 1216 mature,
2107 1144 2258 1216 quod
2303 1144 2505 1202 stando
2554 1143 2774 1215 legerat

1593 1221 1889 1272 reverente
1958 1221 2016 1272 et
2042 1215 2264 1273 devote.
2312 1216 2480 1273 Stans
2509 1230 2646 1287 ergo
2695 1213 2775 1270 le-

1594 1283 1698 1355 git,
1724 1287 1857 1356 quia
1925 1303 2021 1343 um
2047 1284 2217 1347 nobis
2234 1286 2556 1359 Scripturas
2582 1299 2773 1343 sacras

1594 1357 1840 1427 aperuit,
1886 1357 1948 1413 in
1991 1374 2165 1415 carne
2207 1362 2475 1430 operatus
2513 1360 2627 1426 est;
2669 1354 2768 1412 sed

1595 1432 1798 1498 postea
1826 1429 1991 1499 sedit,
2027 1428 2163 1501 quia
2199 1445 2260 1487 se
2301 1444 2562 1499 supernae
2593 1424 2768 1508 quieti

1597 1498 1867 1556 restituit.
1927 1502 1996 1557 Et
2057 1500 2401 1558 instruimur
2467 1498 2581 1568 hic,
2638 1512 2773 1569 quia

1598 1569 1785 1641 primo
1808 1571 1975 1631 nobis
1998 1576 2089 1629 est
2105 1566 2415 1630 sedendum
2435 1575 2493 1627 et
2514 1569 2769 1626 flendum

1599 1657 1704 1713 per
1731 1641 2110 1700 humilitatem
2135 1641 2493 1716 poenitentiae
2517 1659 2531 1710 ;
2563 1639 2773 1697 deinde

1599 1715 1953 1784 surgendum
1999 1731 2035 1771 a
2061 1713 2216 1770 vitiis
2246 1728 2363 1785 -per
2400 1711 2773 1769 serenitatem

1600 1784 1967 1842 conscientiae
1997 1803 2011 1853 ;
2049 1786 2219 1843 tertio
2242 1785 2295 1840 le
2336 1783 2567 1851 endum,
2594 1780 2771 1863 idOest

1599 1854 1748 1911 bene
1786 1855 2157 1927 operandum,
2196 1871 2314 1927 prae
2338 1858 2547 1925 atoque
2598 1856 2774 1909 etiam

1598 1926 2044 1998 praedicandum,
2077 1932 2134 1984 et
2162 1930 2361 1999 postea
2379 1923 2773 1992 residendum,

1600 1997 1837 2069 praemia
1880 1998 2088 2071 quietis
2137 1996 2534 2070 exspectando,
2595 2000 2657 2052 ut
2704 2009 2776 2077 ea

1599 2068 1831 2125 demum
1881 2069 2248 2142 accipiamus,
2316 2068 2377 2125 in
2438 2066 2643 2139 quibus
2710 2080 2770 2121 in

1598 2144 1878 2198 aeternum
1915 2141 2294 2213 quiescamus.
2312 2144 2407 2198 -Et
2435 2141 2677 2196 omnium
2708 2138 2772 2193 in

1597 2227 1880 2280 synaqoqa
1913 2216 2063 2268 oculi
2113 2217 2270 2268 eram
2318 2211 2659 2267 intendentes
2708 2210 2770 2263 in

1599 2298 1739 2345 eum.
1795 2287 2029 2354 propter
2075 2283 2390 2340 efficaciam
2437 2282 2765 2348 verborum,

1599 2357 1656 2409 et
1684 2360 1977 2425 aspectum
2022 2353 2293 2410 humilem
2348 2357 2407 2409 et
2452 2351 2764 2417 decorum3

1599 2424 1734 2553 guia
1780 2424 1840 2481 in
1892 2424 2033 2481 facie
2083 2426 2228 2496 ejus,
2287 2422 2521 2496 quidam
2575 2420 2768 2502 fulgor

1639 2495 1803 2554 ivinae
1836 2496 2035 2569 gratiae
2064 2495 2373 2562 relucebat,
2405 2493 2502 2566 qui
2543 2506 2767 2549 animos

1594 2568 1937 2626 intuentium
1962 2570 2302 2626 attrahebat.
2328 2566 2455 2624 Fuit
2475 2564 2626 2623 enim
2646 2562 2769 2645 pul-

1597 2640 1916 2697 cherrimus
1946 2658 1961 2697 :
1995 2645 2192 2713 utpote
2224 2639 2385 2712 virgo
2414 2637 2486 2694 de
2513 2635 2766 2706 Virgine,

1593 2727 1712 2767 non
1741 2729 1811 2767 ea:
1838 2714 2119 2767 voluntate
2147 2714 2350 2775 carnis,
2381 2723 2554 2780 neque
2578 2723 2648 2761 ex
2670 2721 2764 2787 vq-

1595 2783 1808 2839 luntate
1856 2785 1987 2846 viri,
2029 2783 2125 2838 sed
2166 2799 2234 2837 ea:
2270 2785 2376 2837 Deo
2415 2782 2601 2835 natuS.
2642 2778 2769 2858 Fuit

1593 2857 1651 2909 et
1679 2852 2205 2924 eloquentissimus3
2234 2858 2291 2909 et
2317 2852 2390 2908 de
2418 2854 2661 2920 utroque
2688 2862 2772 2904 sic

1592 2922 1644 2979 ei
1674 2924 1886 2982 dictum
1907 2925 2094 2983 fuerat
2114 2940 2214 2995 per
2237 2923 2577 2996 Prophetam
2601 2938 2615 2976 ι
2641 2921 2772 2991 Spe-

1591 2998 1770 3052 ciosus
1781 2999 1966 3066 formu
1976 3015 2093 3069 prae
2101 2999 2237 3068 filiis
2250 2997 2549 3059 hominum,
2562 2992 2773 3074 diffusa

1592 3072 1673 3123 est
1690 3071 1881 3137 qratia
1899 3072 1961 3124 in
1980 3070 2147 3125 labiis
2167 3071 2299 3125 tuis.
2321 3069 2391 3123 Et
2413 3065 2772 3138 prophetiam

1591 3154 1765 3209 quam
1791 3139 2028 3212 legerat,
2058 3140 2118 3196 in
2145 3138 2331 3211 seipso
2362 3137 2650 3208 impletam
2676 3148 2768 3189 os-

1592 3209 1856 3279 tendens,
1877 3228 1905 3265 c
1992 3214 2038 3265 it
2066 3212 2246 3265 dicere
2270 3209 2347 3263 ad
2373 3210 2502 3263 illos
2533 3223 2548 3261 ι
2577 3207 2771 3260 Atten-

1593 3279 1712 3336 dite
1741 3286 1797 3336 et
1829 3280 1949 3337 inte
1973 3280 2149 3352 ligite,
2185 3281 2319 3350 quia
2346 3278 2508 3333 hodie
2537 3277 2769 3345 impleta

1593 3356 1673 3406 est
1705 3353 1996 3432 Scriptura
2033 3353 2143 3407 liaec
2178 3354 2240 3404 in
2277 3349 2507 3404 auribus
2526 3347 2766 3427 ‚ve-stris,

1595 3422 1881 3478 scilicetin
1901 3421 2137 3492 meipso.
2167 3419 2462 3491 Impletam
2485 3417 2620 3474 dicit
2642 3430 2769 3472 esse

1599 3493 1974 3574 Scripturam‚
1988 3491 2122 3562 quia
2138 3490 2280 3547 sicut
2297 3490 2394 3573 illa
2406 3486 2770 3571 praedixerat,

1602 3564 1683 3620 sic
1727 3578 1850 3636 ipse
1887 3562 2150 3620 faciebat.
2200 3563 2371 3630 Quasi
2411 3560 2654 3616 diceret:
2703 3558 2772 3613 In

1599 3651 1692 3692 me
1720 3634 2012 3707 impletam
2053 3638 2111 3691 et
2146 3633 2339 3691 videre
2375 3630 2614 3760 potestis
2636 3645 2771 3686 ocu·

1601 3706 1694 3772 lis,
1737 3705 1875 3778 quia
1922 3709 2047 3763 caeci
2089 3707 2300 3775 vident,
2352 3722 2380 3762 c
2404 3704 2543 3760 audi
2578 3701 2772 3758 ambu-

1604 3780 1746 3848 lant,
1770 3794 2043 3850 pauperes
2069 3779 2554 3847 evanqelizantur3
2586 3778 2644 3830 et
2673 3788 2773 3830 au-

1603 3848 1729 3907 dire
1767 3848 1939 3907 etiam
1975 3854 2145 3920 atque
2181 3846 2500 3921 intelligere
2542 3843 2776 3925 aurihus

1605 3921 1834 3991 mentiS,
1894 3936 2021 3978 cum
2052 3919 2214 3978 vobis
2255 3936 2383 3978 eam
2421 3928 2775 3990 exposuerim

1606 3992 1679 4050 ad
1698 4008 1791 4049 me
1817 4008 1942 4050 esse
1966 3992 2348 4049 referendam.

1674 4068 1709 4131 4
1748 4063 1967 4122 Oiiiviuii
1998 4064 2248 4121 Oimnvmi
2273 4079 2480 4120 orricii
2506 4078 2564 4117 m
2586 4075 2776 4142 seuer-

1602 4151 1723 4191 irso
1755 4152 2078 4192 AmuPLBvrr
2107 4137 2373 4191 Doiiiivus.
2405 4164 2474 4175 —
2500 4133 2648 4190 Cons
2669 4144 2774 4214 ‘ico

1601 4206 1750 4264 bene
1805 4206 2107 4264 Dominum
2147 4204 2430 4276 quomodo
2481 4203 2640 4260 humi
2668 4206 2775 4258 iter

1604 4277 1919 4349 suscipiens
1940 4275 2190 4348 hectoris
2219 4273 2492 4343 officium,
2522 4273 2773 4346 benigno

1602 4353 1661 4406 et
1694 4347 1921 4420 placido
1963 4347 2123 4405 vultu
2166 4347 2302 4419 legit
2342 4346 2493 4403 inter
2539 4361 2658 4408 eos.
2706 4346 2774 4403 Ut
