3146 5023
690 359 775 412 DE
830 350 1578 408 nunnusmfflonii'cls
1626 356 1663 408 A
1720 355 2005 408 LEGIONB
2062 355 2403 410 OBSESSIS.

306 471 609 527 hominum
643 468 838 540 pen‘re
870 464 1128 536 permisit
1174 465 1324 521 Deus
1371 464 1483 519 duo

306 542 489 599 millia
516 556 818 612 porcorum
851 555 866 605 3
904 538 1143 593 multum
1172 551 1313 607 ergo
1348 550 1481 605 pee-

308 619 464 682 oent,
492 615 592 685 qui
631 612 922 668 bominem
955 609 1211 679 perdere,
1238 606 1329 661 vel
1366 621 1486 661 mu-

302 683 473 741 tilare
530 701 646 740 non
689 681 1025 739 formidant.
1080 707 1155 721 —
1200 679 1385 747 Sexta,
1413 675 1488 732 ad

300 756 716 811 contumeliam
746 755 1070 809 daemonum
1090 770 1105 822 3
1129 748 1261 821 quia
1288 763 1491 818 porcus

312 826 535 883 animal
594 833 679 882 est
732 824 1111 880 immundum.
1185 822 1487 890 Elegerunt

313 898 477 953 enim
527 899 742 953 intrare
793 896 853 951 in
911 909 1132 962 porcos,
1184 892 1327 963 quia
1380 890 1491 945 hoc

314 969 507 1040 magis
541 969 647 1024 sibi
682 965 935 1038 permitti
964 965 1257 1036 putabant,
1299 966 1357 1018 et
1383 961 1503 1016 hoc*

308 1041 502 1111 magis
542 1040 935 1107 congruebat3
988 1035 1143 1106 porci
1174 1035 1326 1090 enim
1361 1047 1491 1102 pro-

312 1115 448 1182 pter
474 1109 920 1172 immunditiam,
960 1113 1016 1163 et
1048 1111 1333 1177 serpentes
1362 1118 1495 1172 pro-

317 1188 451 1252 pter
480 1181 771 1246 astutiam,
803 1180 987 1252 magis
1037 1178 1119 1233 eis
1147 1179 1493 1246 competunt.

316 1253 484 1309 Unde
522 1254 805 1320 Remiqius
830 1269 849 1305 ε
911 1269 940 1304 «
976 1249 1111 1304 Ideo
1163 1254 1354 1302 autem
1382 1261 1498 1301 non

318 1322 940 1465 gamarias?
957 1317 1502 1460 afflixisti?

325 1481 565 1522 manain
605 1466 849 1535 speciem
917 1470 1138 1532 gestare
1199 1460 1500 1525 videbant3

335 1553 451 1593 nec
474 1537 753 1608 petierunt
778 1541 840 1591 ut
868 1536 928 1590 in
964 1548 1171 1604 pecora
1207 1530 1505 1586 mitteren-

333 1615 454 1676 tur,
484 1609 615 1675 quia
664 1607 815 1662 velut
858 1606 1072 1662 munda
1122 1601 1413 1665 animalia,
1446 1601 1506 1655 in

336 1677 555 1749 templo
584 1680 680 1733 Dei
736 1678 1170 1744 offerebantur3
1223 1673 1509 1744 petierunt

328 1755 527 1808 autem
551 1754 614 1804 ut
651 1750 708 1803 in
735 1764 937 1819 porcos
955 1748 1336 1811 mitterentur,
1376 1744 1508 1813 quia

335 1820 564 1877 nullum
588 1819 801 1876 animal
834 1818 1180 1874 immundius
1207 1822 1292 1871 est
1315 1830 1507 1884 porc0‚

334 1897 396 1948 et
426 1893 715 1948 daemones
742 1906 964 1959 semper
994 1891 1052 1943 in
1097 1887 1379 1958 spurcitiis
1407 1887 1509 1941 de-

337 1964 688 2020 lectantur.»
727 1992 787 2003 —
834 1961 1103 2029 Septima,
1135 1964 1367 2030 propter
1390 1973 1514 2029 my-

336 2035 600 2098 sterium,
636 2049 766 2090 nam
800 2031 959 2103 porci
994 2030 1093 2101 qui
1141 2045 1257 2086 non
1300 2029 1515 2084 babent

334 2105 417 2162 ad
465 2105 669 2163 coelum
717 2104 940 2171 faciem,
971 2103 1068 2158 sed
1117 2117 1151 2158 a
1185 2107 1419 2168 terram,
1458 2105 1516 2154 et

340 2178 404 2233 in
452 2178 574 2234 luto
626 2177 816 2249 jacere
861 2175 1236 2240 delectantur,
1305 2170 1516 2242 signifi-

347 2254 483 2304 cant
509 2247 636 2303 illos
664 2248 760 2317 qui
816 2248 992 2301 Deum
1023 2260 1140 2315 prae
1194 2242 1370 2298 oculis
1403 2257 1516 2296 non

341 2319 584 2387 babent,
610 2318 708 2375 sed
734 2317 884 2373 vitiis
915 2317 1279 2372 sordidantur
1305 2331 1324 2382 3
1377 2318 1433 2367 et
1458 2313 1517 2368 bi

343 2388 409 2446 in
461 2394 795 2461 potestatem
857 2389 1178 2444 daemonum
1215 2385 1521 2439 traduntur

349 2467 411 2520 et
440 2460 504 2518 in
533 2460 815 2518 infernum
845 2475 969 2515 cum
1010 2459 1091 2515 eis
1139 2457 1389 2514 finaliter
1415 2456 1519 2510 de-

347 2540 692 2606 merguntur
745 2550 758 2598 3
826 2538 884 2587 et
938 2546 1090 2586 nunc
1139 2528 1401 2584 suffocati
1460 2528 1521 2582 in

348 2607 521 2677 aquis
570 2611 627 2659 et
662 2602 1047 2672 voluptatibus
1093 2602 1259 2673 liujus
1298 2599 1519 2668 mundi,

318 2681 502 2746 ‚tunc
526 2675 953 2731 suffocabuntur
990 2674 1048 2728 in
1077 2673 1291 2744 abyssis
1318 2676 1375 2725 et
1426 2687 1523 2740 pu-

358 2749 470 2804 teis
497 2745 728 2802 inferni.
750 2748 910 2801 Unde
944 2746 1137 2802 Glossa
1168 2762 1187 2799 ε
1219 2742 1369 2800 «Nisi
1397 2743 1523 2813 quis

348 2833 518 2875 more
543 2817 704 2888 porci
730 2817 950 2881 vixerit,
979 2815 1236 2870 diabolus
1270 2818 1520 2885 potesta·

348 2895 470 2946 tem
502 2890 561 2944 in
594 2903 662 2943 eo
700 2902 818 2943 non
845 2888 1094 2949 habebit,
1125 2887 1236 2942 nisi
1274 2886 1421 2941 forte
1449 2883 1521 2939 ad

388 2960 734 3025 robandum,
789 2975 905 3014 non
952 2959 1025 3014 ad
1072 2958 1447 3028 perdendum.
1489 2974 1519 3008 »

396 3031 513 3088 nde
546 3034 608 3087 et
631 3032 980 3097 Auqustinus
1004 3048 1022 3084 ε
1046 3047 1073 3082 «
1096 3029 1248 3085 Certi
1269 3027 1524 3099 mysterii

344 3104 556 3231 {ntia'
589 3107 648 3157 et
688 3109 843 3156 certa
869 3100 1285 3170 dispensatione
1314 3096 1527 3154 dimisit

391 3188 648 3232 aemones
697 3172 755 3226 in
809 3187 1031 3241 porcos,
1086 3176 1150 3226 ut
1201 3170 1528 3226 ostenderet

352 3243 651 3302 diabolum
678 3242 737 3298 in
769 3245 848 3298 eis
895 3242 1175 3299 dominari
1218 3241 1316 3311 qui
1350 3241 1526 3296 vitam

350 3330 662 3387 porcorum
709 3319 935 3386 gerunt.
962 3334 993 3368 i)
1044 3314 1172 3384 Ubi,
1215 3312 1529 3370 secundum

353 3387 733 3453 Ambrosium,
763 3385 1122 3442 clementiam
1170 3383 1396 3441 Domini
1439 3385 1532 3439 de-

358 3459 564 3515 bemus
588 3459 887 3514 advertere
913 3477 929 3527 ;
957 3458 1110 3529 quod
1129 3457 1347 3513 nullum
1379 3455 1533 3525 prius

359 3529 485 3602 ipse
548 3530 895 3585 condemnat
912 3547 952 3599 ,ο
987 3527 1091 3584 sed
1148 3527 1532 3597 unusquisque

289 3600 300 3612 '
358 3601 485 3671 ipse
529 3598 639 3680 sibi
689 3606 891 3656 auctor
917 3604 1001 3656 est
1038 3613 1242 3669 poenae.
1276 3599 1538 3655 Timeant

358 3685 500 3742 ergo
530 3669 839 3751 libidinosi,
879 3670 1263 3743 gastrimargi,
1296 3669 1394 3741 qui
1424 3670 1536 3725 im-

360 3741 564 3798 mundi
594 3743 653 3797 in
684 3743 950 3798 sordibus
992 3740 1230 3798 luxuriae
1278 3745 1338 3797 et
1374 3741 1537 3796 volu0

358 3817 586 3883 piatum
608 3814 827 3883 vivunt,
858 3829 930 3869 ne
969 3814 1029 3869 in
1060 3816 1397 3884 potestatem
1416 3812 1539 3868 dia-

2713 365 2770 424 19

1598 465 1879 545 testabilis
1944 466 2019 522 sit
2064 468 2277 547 libido,
2350 473 2766 558 gastrimargia,

1598 541 1746 591 sicut
1765 541 1820 590 et
1847 538 2160 609 superbia3
2209 556 2323 596 non
2365 543 2518 599 enim
2567 545 2773 617 legitur

1602 606 1890 689 diabolum
1942 609 2000 664 iii
2026 610 2254 682 aliquod
2284 613 2549 670 animalis
2598 634 2769 690 orga-

1603 678 1740 733 num
1830 685 2064 759 intrasse
2145 689 2524 754 praeterquam
2592 691 2772 761 porci,

1603 755 1899 818 serpentis,
1943 757 2001 807 et
2059 753 2330 811 bominis.
2383 757 2486 812 Ubi
2537 760 2821 829 Chryso·‘

1604 824 1811 876 atomus
1876 839 1924 902 e·
1949 840 1998 875 ‹ae>
2039 824 2179 880 Cum
2244 827 2461 895 porcini
2517 829 2777 890 homines

1612 896 1765 961 sunt,
1818 892 1994 975 facile⁸
2015 896 2137 964 capi
2171 904 2403 965 possunt
2445 901 2518 956 ab
2548 904 2779 960 actioni·

1612 962 1732 1019 bus,
1771 965 1998 1019 Porcini
2034 973 2168 1021 sunt
2192 968 2450 1025 homines
2478 973 2641 1029 avide
2681 992 2774 1031 co-

1614 1035 1907 1115 medentes
1956 1051 2063 1117 per
2123 1039 2333 1108 gulam,
2387 1042 2623 1113 pingues
2680 1063 2784 1117 per

1612 1104 1914 1185 luxuriam,
1952 1122 2013 1161 in
2055 1108 2173 1163 luto
2222 1110 2477 1180 jacentes
2527 1131 2630 1183 per
2665 1119 2778 1173 aci-

1612 1175 1788 1257 diam,
1852 1178 1913 1232 in
1965 1183 2121 1234 terra
2175 1180 2455 1236 fodientes
2511 1200 2614 1254 per
2660 1203 2785 1244 ava·

1612 1254 1825 1311 utiam,
1866 1256 2190 1317 spumantes
2222 1268 2323 1319 per
2353 1253 2726 1313 iracundiam.
2750 1278 2779 1310 n

1688 1324 1722 1385 4
1752 1319 1975 1397 Comini
1993 1337 2383 1378 nartiac-roam.
2414 1352 2481 1365 ·-
2513 1325 2625 1380 Per
2665 1343 2790 1398 por-

1623 1405 1720 1446 cos
1751 1395 1924 1443 etiam
1973 1391 2372 1460 significantur
2420 1393 2786 1470 detractores,

1621 1467 1680 1517 et
1734 1458 2141 1540 referendarii,
2195 1462 2292 1531 qui
2348 1473 2660 1534 pascuntur
2719 1470 2788 1527 de

1621 1533 1861 1588 faecibus
1892 1540 1949 1585 et
1974 1534 2346 1589 immunditiis
2375 1537 2615 1594 aliorum
2644 1546 2790 1597 tam-

1622 1618 1795 1675 quam
1836 1603 2014 1672 porci,
2064 1604 2375 1660 referentes
2419 1622 2545 1676 quai
2599 1611 2793 1667 vident

1624 1676 1710 1731 vel
1761 1674 2020 1754 audiunt,
2062 1676 2275 1732 rodunt
2324 1677 2497 1733 vitam
2545 1696 2741 1738 eorum
2768 1700 2786 1754 3

1624 1762 1765 1818 quos
1792 1750 1964 1826 etiam
2000 1745 2290 1826 daemones
2334 1748 2550 1806 intrant
2596 1759 2651 1807 et
2689 1753 2793 1809 de-

1623 1822 1892 1888 mergunt
1913 1832 1972 1871 in
2001 1817 2307 1874 infernum.
2348 1821 2652 1889 Erubesce,
2687 1823 2792 1881 mi-

1625 1906 1739 1957 ser,
1768 1889 1837 1943 de
1866 1889 1974 1943 boc
2027 1890 2346 1946 detestabili
2395 1892 2604 1964 officio,
2638 1895 2792 1959 pacis

1624 1960 2011 2026 turbamentO,
2044 1965 2102 2014 et
2126 1960 2424 2017 discordiae
2462 1967 2790 2038 seminariO,

1628 2038 1686 2089 et
1711 2032 1942 2098 insuper
1980 2029 2120 2085 time
2149 2032 2218 2086 de
2256 2032 2465 2089 animae
2496 2037 2747 2105 periculo
2775 2061 2788 2107 ;

1627 2103 1761 2175 quia
1791 2101 2047 2156 diabolus
2084 2102 2225 2156 inte
2262 2109 2598 2172 potestatem
2640 2124 2797 2164 acce-

1629 2176 1730 2246 pit,
1758 2172 1987 2243 quando
2029 2179 2084 2228 te
2116 2174 2188 2229 ad
2228 2174 2337 2229 hoc
2369 2175 2621 2232 officium
2673 2194 2797 2249 per-

1633 2245 1908 2325 duxit,·et
1959 2245 2057 2315 qui
2101 2260 2253 2300 nune
2289 2251 2347 2301 te
2390 2247 2687 2306 suffocavit
2733 2251 2792 2307 in

1631 2318 1742 2373 hoc
1780 2321 1937 2396 vitio,
1973 2321 2170 2385 postea
2194 2323 2249 2372 te
2275 2318 2579 2376 suffocabit
2616 2323 2674 2378 in
2705 2322 2792 2378 in-

1630 2390 1816 2444 ferno.
1847 2389 2067 2443 Timeat
2100 2390 2271 2445 etiam
2301 2399 2358 2446 et
2399 2399 2595 2448 caveat
2629 2393 2799 2451 audi·

1629 2466 1722 2516 tor
1751 2474 1822 2515 ne
1851 2458 2059 2514 talibus
2084 2463 2490 2520 consentiendo
2529 2469 2588 2520 et
2633 2481 2801 2523 aures

1636 2531 1942 2612 praebendo
1968 2531 2051 2586 eis
2093 2532 2294 2588 similis
2322 2534 2423 2589 fiat
2447 2553 2466 2604 3
2499 2538 2632 2607 quia
2656 2539 2802 2593 sicut

1635 2619 1809 2675 super
1829 2602 2084 2674 linguam
2116 2604 2469 2675 detractoris,
2509 2609 2592 2663 sie
2632 2623 2802 2679 super

1632 2690 1798 2731 aures
1834 2671 2109 2730 auditoris
2142 2675 2400 2733 diabolus
2446 2680 2623 2747 sedet,
2668 2686 2725 2735 et
2756 2681 2803 2735 si

1636 2761 1750 2801 non
1780 2752 1930 2800 esset
1989 2747 2235 2816 auditor,
2272 2764 2385 2802 non
2424 2756 2570 2805 esset
2614 2752 2807 2805 detra·

1637 2822 1782 2871 ctor.
1829 2817 1987 2871 Unde
2015 2818 2208 2872 Glossa
2245 2834 2420 2886 super
2444 2820 2583 2874 illud
2612 2837 2627 2884 z
2660 2823 2802 2875 Ven-

1636 2891 1727 2941 tus
1753 2885 1967 2954 Aquilo
1993 2888 2237 2955 dissipat
2262 2889 2514 2958 pluuias,
2544 2893 2596 2943 et
2631 2891 2808 2957 facies

1637 2958 1819 3012 tristis
1847 2957 2096 3022 linquam
2118 2956 2514 3027 detrahentem,
2542 2958 2622 3013 sic
2648 2960 2804 3017 dicit:

1644 3048 1666 3079 ι
1694 3027 1752 3081 Si
1772 3025 1940 3081 hilari
1960 3024 2119 3080 vultu
2141 3026 2517 3085 detractorem
2537 3028 2805 3100 audieris,

1638 3104 1703 3153 tu
1755 3097 1838 3152 illi
1881 3096 1982 3178 das
2025 3095 2280 3154 fomitem
2324 3099 2710 3173 detrahendi3
2759 3103 2809 3158 si

1637 3185 1774 3225 vero
1801 3169 1972 3250 tristi,
2003 3167 2167 3224 discit
2199 3186 2314 3226 non
2347 3171 2593 3230 libenter
2620 3173 2810 3231 dicere

1641 3241 1793 3311 quod
1824 3240 2084 3295 didicerit
2119 3257 2235 3297 non
2269 3243 2519 3301 libenter
2541 3246 2749 3304 audiri.
2776 3264 2807 3300 ii

1638 3311 1835 3394 Auser,
1888 3312 2146 3377 Domine,
2187 3317 2560 3385 opprobrium
2611 3319 2809 3374 talium

1639 3384 1935 3439 bominum
2000 3385 2396 3456 pestiferorum
2452 3406 2487 3445 a
2536 3389 2811 3462 religione

1640 3470 1938 3512 servorum
1967 3461 2218 3513 tuorum.

1716 3531 1747 3582 5
1788 3527 1926 3592 Qum
1998 3544 2101 3585 PER
2166 3545 2524 3587 nAEuomiicmi
2594 3547 2815 3587 ursuni:

1648 3596 2016 3682 sicambe-run
2038 3600 2068 3655 i
2093 3630 2164 3641 -··
2190 3603 2441 3674 Mystice,
2513 3617 2577 3656 er
2600 3605 2816 3658 daemo-

1649 3685 1878 3727 niacum
1909 3671 2264 3739 significatur
2308 3673 2476 3727 diabo
2498 3688 2585 3740 uS,
2626 3673 2725 3742 qui
2758 3672 2818 3727 in

1650 3742 2042 3799 monumentis
2084 3747 2143 3799 et
2182 3744 2492 3810 montibus,
2540 3736 2595 3798 id
2639 3748 2725 3798 est
2759 3743 2821 3800 in

1650 3813 1820 3869 foedis
1851 3817 1910 3867 et
1939 3813 2198 3884 superbis
2229 3815 2449 3870 habitat
2473 3812 2818 3872 hominibus..

373 3883 495 3940 boli
521 3883 694 3939 etiam
725 3883 994 3953 viventes,
1040 3885 1285 3940 Domino
1309 3884 1544 3956 jubente
1655 3885 1872 3939 Nomen
1906 3883 2030 3955 ejus
2052 3886 2220 3954 Leqio
2248 3885 2474 3957 dicitur,
2506 3886 2641 3956 quia
2669 3886 2819 3941 mul-

370 3953 464 4009 τοὶ
490 3956 878 4025 permittente,
903 3956 1237 4024 tradantur3
1268 3961 1326 4011 et
1355 3961 1547 4025 postea

375 4038 511 4106 eum
563 4040 634 4081 eo
682 4027 743 4081 in
792 4025 1077 4083 infernum
1115 4028 1545 4095 demergantur.

376 4095 608 4152 Dicitur
647 4100 820 4153 etiam
845 4100 1001 4169 quod
1050 4098 1339 4155 daemones
1387 4095 1550 4152 nobi-

377 4166 559 4222 liores
618 4173 852 4250 peccata
935 4170 1292 4228 detestantur
1373 4167 1549 4248 vilia,

373 4240 1062 4368 waram
1081 4239 1557 4382 amarat

1658 3952 1732 4035 tis
1766 3953 1826 4033 in
1854 3954 2068 4009 malum
2094 3957 2440 4025 associatur3
2475 3958 2602 4029 ejus
2630 3962 2825 4014 autem

1662 4029 1865 4096 ejectio
1889 4039 1991 4094 per
2019 4024 2303 4083 Christum
2338 4026 2678 4101 significavit
2706 4028 2828 4086 dae-

1660 4109 1896 4176 monum
1945 4095 2367 4155 multitudinem
2417 4101 2828 4186 devincendam

1660 4180 2030 4308 {illumin
2060 4168 2832 4320 ξὲἔὲθῗὲἓέὲῧῑῗέὲῖῗέἑ

1662 4307 1951 4366 demones
1975 4309 2189 4367 abillis
2226 4311 2327 4382 qui
2353 4313 2428 4367 ad
2459 4314 2633 4385 vitam
2668 4321 2831 4370 aeter-
