3146 5023
378 420 442 472 62
1153 409 1371 463 PRIMAE
1425 410 1666 464 PARTIS
1723 410 1929 463 CAPUT
1985 408 2095 462 LIV

381 521 547 580 fundi
574 519 799 586 habeo;
835 519 897 572 ut
951 512 1371 594 baptizatus-in
1419 529 1552 569 san-

382 593 556 667 guine
601 607 729 647 meo
767 587 912 644 alios
958 585 1239 656 baptizem
1279 601 1339 639 in
1369 600 1459 653 ec,
1491 587 1555 641 ut

382 682 484 724 eos
518 664 703 732 magis
735 660 793 715 in
822 673 1011 714 meum
1056 657 1366 736 accen-dam
1396 671 1554 736 amo-

381 751 527 793 rem.
569 732 717 791 Nihil
749 730 900 786 enim
928 732 1012 783 est
1038 727 1190 797 quod
1221 731 1301 782 ita
1329 730 1552 795 excitet,

381 812 441 865 et
465 804 738 862 accendat
767 817 871 856 nos
892 799 963 855 ad
985 798 1336 869 diligendum
1353 800 1552 866 Deum,

381 874 717 946 sicut·quod
758 887 958 943 passus
995 876 1082 925 est
1135 885 1237 940 pro
1282 868 1467 933 nobiS,
1499 873 1558 924 et

379 948 441 1004 in
476 945 757 1017 sanguine
788 959 889 998 suo
919 940 1054 996 lavit
1097 956 1202 995 nos
1230 955 1265 994 a
1307 938 1554 1010 peccatis

383 1017 618 1075 nostris,
662 1017 734 1071 Ut
780 1019 971 1069 autem
1005 1010 1142 1066 dicit
1173 1010 1500 1065 Ambrosius
1537 1026 1551 1066 ε

385 1111 414 1140 α
444 1092 626 1146 Tanta
669 1089 756 1141 est
798 1082 1022 1139 Domini
1052 1081 1325 1152 dignatio,
1362 1086 1425 1137 ut
1461 1080 1550 1136 in-

380 1158 691 1217 fundendae
721 1154 888 1211 nobis
928 1152 1267 1222 devotionis,
1314 1156 1372 1207 et
1411 1167 1552 1207 con-

378 1228 730 1292 summandae
768 1223 1135 1297 perfectionis
1179 1222 1239 1279 in
1282 1221 1464 1290 nobiti,
1496 1227 1553 1278 et

378 1300 738 1358 maturandae
764 1313 868 1368 pro
909 1295 1071 1350 nobis
1116 1294 1402 1350 Passionis
1432 1297 1554 1349 stu-

380 1372 539 1429 dium
574 1370 679 1427 sibi
713 1370 899 1424 inesse
927 1371 1185 1422 testetur.
1220 1386 1247 1417 »
1280 1365 1436 1421 Unde
1468 1380 1554 1420 se-

380 1443 572 1516 quitur
604 1445 710 1497 :Et
739 1439 1004 1509 quomodo
1031 1441 1295 1501 coaretor,
1327 1435 1413 1491 vel
1447 1452 1547 1490 an-

378 1529 507 1587 gor,
533 1517 591 1570 et
617 1510 941 1577 contristor,
976 1525 1148 1578 usque
1176 1509 1306 1563 dum
1327 1508 1548 1577 perfici-

382 1589 533 1650 atur,
549 1599 653 1656 per
676 1581 1025 1646 Passionem,
1039 1595 1200 1634 meus
1212 1577 1547 1650 baptismus,

380 1661 440 1712 et
476 1655 774 1711 hominum
801 1652 974 1719 saluS,
1014 1650 1072 1705 id
1103 1654 1188 1705 est
1217 1655 1428 1721 quanto
1456 1648 1551 1704 de-

385 1726 600 1783 siderio
653 1725 857 1781 affecto
890 1720 1210 1776 orationem
1251 1734 1437 1775 meam
1498 1722 1555 1774 et

379 1797 715 1854 Passionem
741 1809 844 1873 pro
868 1792 1048 1847 salute
1065 1790 1292 1860 generis
1315 1789 1549 1845 humani

380 1865 795 1923 consummari!
821 1861 987 1929 Quasi
1008 1861 1225 1917 diceret
1251 1879 1264 1916 ε
1289 1861 1546 1916 Multum.

377 1938 490 1993 Per
537 1938 646 1991 hoc
695 1951 829 2006 ergo
885 1931 1220 2002 intelligitur
1283 1947 1553 2003 magnum

377 2006 727 2065 desiderium
771 2005 893 2077 ejus
929 2002 1262 2074 perficiendi
1294 2008 1551 2058 nostram

377 2079 642 2145 salutem,
674 2093 776 2148 per
815 2091 975 2132 suam
1004 2074 1355 2130 Passionem.
1390 2074 1552 2129 Unde

378 2149 516 2207 alibi
545 2169 560 2204 :
583 2150 863 2205 Desiderio
894 2147 1206 2201 desideravi
1228 2147 1324 2200 hoc
1338 2147 1553 2200 Pascha

377 2222 713 2277 manducare
745 2219 1043 2284 vobiscum,
1076 2222 1140 2272 ut
1187 2215 1326 2271 mihi
1369 2215 1553 2271 unire-

377 2291 520 2348 mini
579 2307 683 2362 per
741 2288 1122 2344 dilectionem.
1185 2287 1343 2342 Unde
1397 2286 1552 2342 idem

379 2363 709 2418 Ambrosius
744 2379 761 2414 ε
797 2380 826 2409 «
858 2361 994 2415 Cum
1025 2358 1180 2413 enim
1214 2356 1273 2411 in
1321 2373 1380 2412 se
1410 2357 1551 2412 nihil

377 2431 579 2488 habuit
632 2430 783 2500 quod
829 2428 1068 2496 doleret,
1101 2427 1312 2483 nostris
1359 2431 1554 2483 tamen

378 2502 699 2573 angebatur
719 2499 1007 2567 aerumniS,
1036 2503 1092 2556 et
1120 2504 1376 2571 tempore
1402 2515 1551 2555 mor-

318 2600 328 2616 2
374 2574 454 2631 tis
469 2572 798 2629 moestitiam
815 2572 1223 2642 praetendebat‚
1246 2587 1417 2642 quam
1435 2587 1550 2626 non

378 2661 446 2703 ex
473 2648 629 2700 metu
655 2644 854 2699 mortis
878 2659 1016 2712 suae,
1043 2642 1143 2698 sed
1166 2658 1231 2697 ex
1262 2657 1424 2697 mora
1451 2658 1552 2696 no-

377 2720 512 2772 strae
540 2713 957 2785 redemptionis
979 2717 1361 2785 assumpserat
1390 2729 1404 2768 z
1429 2714 1553 2769 haec

375 2787 723 2845 Ambrosius,
756 2806 785 2836 »

451 2878 479 2914 2
511 2859 758 2914 Donamus
788 2872 1025 2911 eLAnmu
1054 2872 1164 2911 Nou
1204 2871 1395 2924 menn,
1431 2872 1549 2910 mr-

379 2946 516 2984 ·mnn
541 2946 721 2984 venir.
764 2958 825 2968 —-·
868 2929 936 2983 Ut
973 2932 1167 2983 autem
1198 2925 1336 2981 dicit
1372 2927 1544 2990 Beda,

376 3001 663 3071 quomodo
695 3005 822 3070 post
852 2997 1142 3069 Baptisma
1172 3013 1288 3053 suae
1330 2996 1551 3053 Passio-

373 3070 485 3140 nis,
520 3075 650 3142 post
680 3070 827 3140 ignis
862 3068 1175 3141 spiritualis
1213 3068 1546 3137 adventum,

373 3144 530 3196 terra
565 3141 637 3196 sit
674 3156 894 3208 arsura,
939 3140 1210 3207 declarat,
1246 3139 1496 3195 subdens
1531 3155 1544 3194 :

371 3212 557 3269 Nolite
586 3211 874 3272 arbitrari,
902 3209 958 3264 id
982 3214 1068 3263 est
1094 3209 1269 3264 nolite
1295 3209 1436 3265 falso
1455 3211 1548 3281 ju-

374 3279 523 3335 dicio
568 3279 806 3335 rationis
848 3278 1092 3349 opinari,
1134 3283 1270 3349 quia
1311 3283 1551 3336 venerim

373 3352 612 3418 mittere,
643 3348 702 3404 id
741 3355 828 3404 est
863 3366 1192 3420 procurare,
1222 3351 1313 3406 vel
1343 3351 1550 3406 confir-

374 3434 555 3490 mare,
575 3436 766 3490 pacem
786 3423 845 3474 in
865 3426 1087 3483 terram,
1109 3420 1167 3475 id
1205 3426 1289 3476 est
1319 3437 1552 3477 concor-

377 3490 531 3547 diam
558 3506 749 3561 pravae
776 3490 1154 3562 colligationis
1181 3506 1279 3545 seu
1308 3492 1551 3549 carnalis

373 3560 709 3619 affectionis
751 3564 874 3620 Non
920 3565 1047 3617 veni
1100 3578 1287 3632 pacem
1340 3562 1555 3620 scilicet

372 3633 551 3689 t'alem
590 3635 823 3699 mittere,
877 3632 971 3703 qui
1021 3648 1286 3704 guerram
1341 3634 1553 3690 consti-

371 3703 505 3773 tuit,
536 3709 594 3760 et
622 3704 914 3759 hominem
943 3703 1237 3759 inimicum
1258 3703 1359 3759 Dei
1387 3705 1550 3776 facit;

372 3776 472 3831 sed
498 3776 770 3845 madium,
806 3775 860 3830 id
909 3781 996 3831 est
1036 3775 1455 3848 separationem
1498 3783 1555 3833 et

372 3846 768 3918 praecisiouem
795 3847 937 3919 eJus,
960 3863 1085 3919 quae
1110 3862 1311 3918 pacem
1335 3847 1555 3904 inducit

375 3922 434 3974 et
492 3918 786 3973 hominem
855 3920 971 3974 Deo
1039 3918 1351 3989 conjungit.
1414 3922 1558 3976 Veni

372 3988 585 4046 etenim
603 4006 861 4061 separare
876 3993 1164 4053 hominem,
1186 3989 1246 4045 id
1267 3995 1353 4045 est
1372 3989 1553 4046 filium

375 4061 640 4116 adversus
679 4067 897 4130 patrem
935 4078 1114 4125 suum,
1145 4065 1196 4116 et
1234 4063 1410 4131 filiam
1449 4062 1550 4117 ad-

371 4145 561 4187 versus
584 4137 811 4187 matrem
835 4149 1014 4195 suam,
1041 4138 1092 4187 et
1137 4148 1336 4187 nurum
1360 4132 1552 4187 adver-

371 4215 467 4255 sus
494 4217 706 4257 socrum
734 4219 912 4270 suam,
963 4202 1021 4257 id
1074 4206 1182 4272 est,
1235 4204 1548 4259 secundum

375 4271 671 4327 Glossam:
712 4272 850 4328 Veni
889 4272 1143 4344 privatos
1180 4273 1367 4329 earnis
1407 4274 1547 4330 affe-

378 4344 502 4399 ctus
550 4342 928 4414 exstinguere,
961 4343 1169 4413 quihus
1199 4343 1279 4400 ita
1306 4344 1550 4402 invicem

1671 530 1734 571 se
1756 513 2020 584 diligunt,
2041 514 2235 594 utDeo
2257 511 2445 594 minus
2463 514 2736 587 serviant,
2767 517 2861 574 vel

1669 587 1899 658 penitus
1948 599 1983 639 a
2021 586 2121 639 Dei
2162 585 2394 640 servitio
2445 602 2507 642 se
2564 592 2855 646 avertant.

1671 657 1831 713 Unde
1856 653 2109 736 loquitur
2135 654 2226 710 hic
2254 656 2324 711 de
2356 658 2718 728 separatione
2739 658 2857 733 spi-

1670 726 1883 795 rituali,
1926 726 2138 781 scllicet
2181 727 2253 782 ab
2307 743 2504 784 amore
2535 731 2858 788 amicorum

1670 798 2023 866 inordinato,
2051 814 2166 852 non
2191 798 2261 853 de
2291 800 2594 869 corporali,
2622 802 2855 872 quando

1671 875 1758 926 est
1802 869 1926 925 sine
1972 868 2319 925 contumelia
2357 870 2644 927 Creatoris
2675 876 2732 928 et
2760 873 2858 929 of-

1670 941 1870 1008 fensa;
1902 944 1953 994 et
1979 943 2194 994 inimici
2215 942 2473 1003 hominiS,
2502 942 2600 1013 qui
2633 942 2860 1000 scilicet

1671 1010 1753 1067 sic
1794 1016 2089 1082 separatus
2121 1015 2206 1065 est
2249 1013 2326 1075 ab
2378 1011 2525 1081 aliis,
2571 1014 2663 1069 vel
2710 1014 2852 1084 fide,

1669 1082 1757 1139 vel
1788 1081 2085 1152 religione,
2109 1086 2165 1136 et
2196 1082 2473 1152 moribuS,
2506 1089 2641 1139 sunt
2670 1085 2855 1141 dome-

1668 1156 1797 1209 stici
1823 1153 1962 1222 ejus,
1998 1152 2092 1222 qui
2139 1153 2312 1207 etiam
2357 1159 2489 1209 ante
2529 1154 2854 1226 separatio-

1666 1241 1820 1291 nem,
1854 1223 1960 1279 etsi
2009 1222 2316 1279 carnaliter
2353 1224 2622 1295 diligunt,
2650 1230 2855 1283 tamen

1667 1295 2038 1368 spiritualiter
2061 1294 2285 1362 odiunt,
2303 1295 2436 1350 dum
2468 1312 2702 1352 cursum
2717 1296 2857 1355 vitae

1666 1366 1979 1438 spiritualis
2017 1365 2356 1436 impediunt.
2391 1398 2458 1407 —
2506 1367 2721 1424 Deinde
2750 1383 2848 1425 os-

1662 1437 1849 1494 tendit
1878 1436 2155 1492 Dominus
2186 1437 2416 1492 modum
2444 1453 2557 1507 quo
2580 1439 2735 1494 venit
2758 1455 2852 1496 se-

1662 1524 1867 1580 parare
1901 1507 2191 1563 hominem
2226 1509 2297 1562 ab
2333 1507 2552 1577 amieiS,
2596 1514 2651 1565 et
2684 1509 2852 1591 ponit

1664 1579 1914 1650 quinque
1945 1577 2354 1649 impedimenta
2374 1579 2760 1650 perfectionis,
2792 1584 2854 1638 et

1664 1650 1912 1721 sequelae
1970 1648 2201 1717 Christi,
2236 1666 2363 1719 quae
2416 1650 2675 1708 volentes
2717 1667 2854 1709 eum

1663 1720 1850 1789 sequi,
1888 1736 2189 1776 removere
2224 1721 2455 1776 debent.

1734 1797 1767 1848 5
1804 1793 2018 1847 Pmmma
2072 1809 2473 1848 mrumunmtm
2531 1809 2852 1850 panrsscno-

1661 1881 1749 1919 ms
1778 1881 1842 1918 m·
1883 1880 2135 1924 saonem
2181 1865 2399 1919 Cumsn
2432 1882 2445 1920 ε
2480 1881 2851 1921 ιΝοῑωιΝΑΤυε

1662 1951 2084 1996 Pnormouonuu
2115 1951 2279 1989 AMOR.
2314 1966 2384 1974 —
2413 1933 2618 2003 Incipit
2659 1951 2694 1991 a
2722 1936 2850 2017 pri-

1663 2022 1757 2061 mo
1783 2004 2232 2076 impediinendO,
2262 2005 2414 2075 quod
2445 2009 2533 2060 est
2547 2005 2849 2062 inordina-

1661 2080 1754 2133 tus
1794 2092 1957 2132 amor
1989 2076 2464 2147 propinquorum,
2519 2076 2590 2132 de
2620 2093 2733 2148 quo
2766 2077 2853 2134 sie

1664 2145 1790 2203 ait:
1848 2149 1957 2214 Qui
1985 2152 2137 2201 amat
2192 2152 2427 2216 patrem,
2466 2152 2565 2202 aut
2611 2152 2852 2205 matrem

1662 2220 1749 2273 vel
1779 2219 1979 2287 filium,
2014 2223 2115 2272 aut
2146 2220 2322 2284 filiam
2353 2219 2484 2287 plus
2542 2234 2709 2287 quam
2740 2235 2848 2288 me,

1664 2289 1816 2360 quod
1867 2289 1933 2342 fit
1988 2287 2400 2358 multipliciter,
2432 2304 2561 2344 cum
2608 2294 2850 2361 propter

1662 2375 1763 2416 eos
1792 2359 1865 2415 ad
1896 2359 2069 2414 fidem
2103 2375 2217 2414 non
2236 2361 2411 2427 venit,
2437 2359 2524 2415 vel
2544 2364 2845 2431 acceptam

1663 2429 1917 2498 dimittit,
1949 2429 2036 2485 vel
2076 2430 2315 2484 mortale
2355 2435 2650 2500 peccatum
2688 2446 2848 2488 com-

1664 2500 1859 2570 mittit,
1885 2500 1972 2557 vel
1995 2506 2178 2557 status
2199 2500 2283 2557 sui
2312 2500 2562 2571 periculo
2591 2519 2652 2558 se
2681 2519 2852 2576 expo-

1663 2572 1769 2641 nit,
1801 2590 1908 2628 ηοη
1939 2578 2019 2627 est
2050 2589 2133 2626 me
2157 2574 2380 2640 diqnus,
2415 2588 2504 2627 me
2536 2572 2754 2630 scilicet
2783 2572 2852 2631 in

1664 2644 1875 2699 mundo
1924 2644 2138 2698 habere
2177 2643 2482 2713 hospitem,
2528 2642 2588 2698 in
2623 2643 2849 2715 J‘udicio

1663 2718 1891 2781 testem,
1921 2714 1981 2768 in
2012 2730 2191 2784 regno
2218 2718 2729 2771 remuneratorem.
2753 2716 2856 2772 Se-

1664 2785 1912 2841 cundum
1948 2784 2099 2840 enim
2140 2787 2538 2853 Augustinum,
2579 2790 2853 2857 peccator

1664 2855 1837 2912 etiam
1862 2872 1976 2910 non
2006 2860 2092 2910 est
2117 2856 2327 2925 dignus
2356 2872 2504 2926 pane
2533 2872 2646 2926 quo
2674 2856 2855 2913 vesci-

1662 2931 1777 2983 tur.
1810 2926 1981 2992 Quasi
2014 2926 2229 2982 dieeret
2261 2927 2569 2982 Dominus:
2598 2926 2689 2983 Sic
2717 2927 2854 2985 veui

1663 3013 1932 3069 separare
1959 2997 2254 3053 hominem
2272 3013 2306 3051 a
2323 3003 2483 3068 patre
2510 2998 2598 3053 vel
2621 2997 2854 3071 amiciS,

1664 3084 1780 3125 non
1806 3067 1943 3139 quin
1974 3074 2193 3137 patrem
2223 3068 2442 3139 diligat,
2466 3073 2524 3124 et
2544 3068 2603 3123 in
2636 3084 2848 3141 paren-

1662 3144 1749 3195 tes
1764 3139 2033 3210 pietatem
2061 3145 2279 3207 servet;
2306 3140 2406 3195 sed
2439 3155 2509 3194 ne
2540 3144 2855 3211 paternam

1662 3210 1935 3283 pietatem
1959 3226 2076 3265 suae
2098 3210 2287 3278 saluti,
2320 3209 2525 3266 divinae
2553 3210 2855 3293 religioni,

1663 3297 1730 3337 ac
1776 3280 2006 3352 pietatis
2046 3282 2220 3336 cultui
2251 3285 2610 3352 ,anteponat3
2655 3286 2713 3337 et
2749 3283 2857 3339 ubl

1664 3353 1812 3422 patri
1836 3352 1922 3407 vel
1954 3352 2119 3407 matri
2147 3368 2260 3406 non
2292 3356 2479 3422 potest
2504 3351 2722 3408 servari
2748 3354 2854 3409 ho-

1665 3439 1773 3478 nor
1797 3427 1895 3479 aut
1924 3422 2125 3493 pietaS,
2155 3422 2279 3477 sine
2306 3423 2525 3479 offensa
2554 3423 2653 3479 Dei
2685 3427 2744 3479 et
2754 3424 2855 3494 ja-

1664 3499 1826 3550 ctura
1853 3493 2098 3564 propriae
2131 3493 2355 3561 salutiS,
2391 3499 2526 3549 tunc
2549 3494 2752 3549 odium
2783 3492 2852 3551 in

1664 3580 1797 3621 suos
1827 3565 2011 3636 pietas
2050 3569 2134 3620 est
2172 3564 2232 3619 in
2273 3567 2472 3633 Deum,
2504 3568 2561 3620 et
2597 3563 2854 3622 salubri-

1664 3639 1753 3691 ter
1784 3636 2183 3705 relinquuntur
2213 3641 2375 3706 pater
2405 3640 2461 3692 et
2488 3639 2691 3704 mater,
2704 3635 2853 3706 quia

1662 3707 2053 3777 praeferendus
2072 3713 2156 3761 est
2179 3713 2453 3762 creaturae
2470 3707 2724 3763 Creator.
2746 3708 2852 3764 Ca-

1663 3777 1804 3833 ritas
1826 3777 1977 3833 enim
2001 3777 2080 3832 sic
2099 3782 2183 3832 est
2199 3778 2485 3846 ordinata,
2501 3777 2652 3848 quod
2667 3778 2846 3835 homo

1664 3848 1834 3905 debet
1885 3850 2062 3905 Deum
2117 3848 2355 3918 diligere
2409 3866 2478 3905 su
2520 3865 2583 3904 er
2622 3848 2844 3919 omnia,

1663 3918 1836 3975 etiam
1862 3934 2035 3989 super
2055 3919 2133 3973 sei
2143 3935 2305 3990 psum
2325 3937 2338 3988 ;
2364 3919 2461 3975 eti
2504 3935 2571 3975 eo
2591 3935 2695 3991 pro
2719 3918 2848 3975 nul-

1662 3989 1772 4047 lius
1793 3995 2247 4061 quantocumque
2265 4007 2459 4046 amore
2479 3990 2568 4046 vel
2587 3987 2847 4048 amicitia

1662 4062 1836 4118 debet
1859 4061 2163 4128 retardari,
2200 4061 2334 4131 quin
2362 4066 2742 4133 prosequatur
2770 4076 2847 4118 ea

1662 4148 1791 4203 quae
1817 4134 2103 4203 pertinent
2134 4132 2205 4187 ad
2253 4135 2529 4188 honorem
2561 4131 2682 4189 Dei.
2715 4132 2839 4189 Sub

1662 4205 1800 4273 Deo,
1829 4207 1885 4258 et
1913 4213 2146 4274 propter
2175 4206 2352 4258 Deum
2380 4202 2656 4274 quidquid
2686 4218 2848 4260 ama-

1663 4278 1757 4330 tur
1786 4274 2096 4330 amandum
2127 4280 2230 4329 est.
2262 4274 2417 4330 Unde
2440 4277 2806 4344 Hieronymus
2824 4293 2844 4329 .·

1667 4366 1698 4397 «
1728 4344 1831 4401 Hic
1867 4346 2007 4401 ordo
2046 4345 2106 4400 in
2135 4347 2289 4408 omni
2330 4347 2541 4402 affectu
2569 4359 2848 4402 necessa-
