3146 5023
433 394 520 445 334
1203 386 1423 442 PRIMAE
1478 382 1713 443 PAR’rls
1768 383 1973 436 CAPUT
2031 378 2143 436 Xssl

435 499 526 550 tui·
564 509 578 551 ε
619 492 775 563 quia,
818 489 923 549 etsi
972 506 1077 549 sua
1113 489 1436 561 relinquere
1492 505 1606 570 ne-3

432 572 672 636 queunt,
698 568 889 621 tamen
909 559 1192 621 audiendo
1213 561 1483 641 mandata
1504 562 1607 619 Dei

433 636 505 694 ad
537 635 707 693 vitam
737 636 1142 705 sempiternam
1177 633 1501 703 proficiunt.
1541 660 1605 677 «-

430 707 709 773 Secundo,
768 709 999 777 propter
1051 702 1389 773 exemplum,
1435 707 1608 784 utoea

430 794 558 850 quie
610 775 775 837 uobis
810 780 1132 844 supersunt,
1169 774 1255 831 vel
1299 790 1427 846 quae
1453 775 1605 846 jeJu·

430 849 620 908 nando
644 846 810 906 nobis
825 844 1236 927 subii-animus,
1256 846 1608 921 pauperibus

429 935 749 990 erogemus.
790 947 860 967 -·
903 919 1116 987 Tertio,
1158 923 1391 991 propter
1431 919 1606 975 docu-

426 995 703 1059 mentum,
734 994 797 1049 ut
833 1006 900 1049 ex
929 990 1039 1047 hoc
1069 988 1608 1060 instruamur,quod

426 1062 560 1132 illis,
579 1061 675 1135 qui
688 1064 820 1123 sunt
835 1058 1177 1133 pauperibus
1193 1060 1608 1129 misericordes,

428 1136 581 1193 bona
596 1133 934 1206 temporalia
959 1132 1425 1205 multiplicentur.
1450 1132 1608 1191 Unde

424 1206 593 1265 datur
627 1204 889 1276 intelligi,
920 1204 1072 1276 quod
1093 1220 1388 1286 ,pauperes
1420 1202 1606 1275 magis

424 1283 665 1351 pascunt
695 1279 1197 1347 eleemosynarios,
1221 1291 1395 1348 quarn
1424 1291 1456 1333 e
1474 1291 1604 1333 con·

422 1365 611 1415 versO,
642 1357 734 1409 vet
763 1346 1084 1420 spiritualia
1115 1349 1267 1407 bona
1304 1346 1388 1405 eis
1418 1345 1602 1419 impe·

423 1421 657 1489 trand0,
692 1420 779 1476 vel
824 1422 976 1479 bona
1028 1418 1365 1491 temporalia
1418 1417 1609 1500 multi-

427 1492 712 1565 plicando.
761 1492 1028 1559 Quamvis
1067 1497 1281 1558 autem,
1323 1494 1383 1547 ut
1422 1504 1607 1547 visum

430 1568 537 1632 est,
567 1564 690 1621 haec
727 1562 961 1621 resectio
994 1578 1030 1619 a
1075 1561 1355 1632 superiori
1392 1562 1447 1621 in
1479 1562 1605 1633 plu-

428 1634 589 1695 ribus
611 1634 804 1699 distet.
833 1639 1025 1695 tamen
1056 1641 1297 1704 utraque
1322 1632 1382 1692 in
1413 1636 1606 1691 monte

431 1707 720 1764 celebrata
757 1710 879 1774 est;
918 1704 1052 1777 quia
1077 1704 1379 1774 utriusque
1408 1706 1606 1762 Testa·

431 1776 611 1835 menti
657 1776 947 1850 Scriptura
976 1783 1127 1834 recte
1183 1775 1488 1842 intellecta,
1528 1774 1609 1835 al-

432 1847 736 1906 titudinem
758 1848 925 1927 nonis
954 1845 1270 1905 coelestium
1296 1837 1611 1927 praecepto·

432 1934 559 1975 rum
593 1926 649 1975 et
740 1933 1064 1979 rfflmlm‘um
1102 1918 1288 1986 docet,
1320 1922 1377 1977 et
1413 1916 1606 1977 altitu-

432 1989 625 2071 dinem
653 1934 883 2071 cgristi,
915 1988 1013 2060 qui
1063 1992 1149 2047 est
1179 2004 1343 2047 mons
1390 1987 1450 2047 in
1473 2005 1605 2070 ‘vei‘-

432 2066 541 2119 tice
563 2066 861 2131 montium,
882 2077 1137 2130 consona
1157 2077 1293 2119 voce
1308 2060 1603 2134 praedicat.

505 2138 538 2190 8
573 2136 818 2192 Hominis
872 2150 1205 2193 mascnnoss
1251 2150 1471 2192 assueri
1528 2150 1605 2191 si-

435 2223 613 2264 sium:
661 2224 760 2264 eos
796 2223 991 2270 omaus
1036 2222 1233 2265 cauis
1260 2220 1602 2265 iuraui-irini.

433 2309 502 2326 --
528 2277 839 2337 Considera
868 2293 1024 2335 nunc
1051 2277 1145 2336 hic
1168 2293 1309 2347 quos
1330 2274 1607 2356 Dominus

433 2364 667 2419 pascere
708 2346 992 2416 dignatur.
1032 2353 1089 2405 et
1149 2347 1354 2418 quilius
1406 2351 1606 2415 gratiae

434 2435 555 2474 suae
601 2416 931 2474 alimentum
973 2417 1351 2486 impartiatur.
1402 2416 1605 2485 Utique

434 2485 618 2560 quiin
656 2487 881 2546 deserto
909 2502 1038 2544 eum
1072 2491 1359 2558 quaerunt,
1390 2491 1605 2548 etcum

434 2576 505 2618 eo
537 2558 727 2618 triduo
756 2566 1153 2631 perseverant;
1189 2560 1342 2631 quod
1372 2559 1439 2618 fit
1474 2574 1604 2624 cum

434 2631 635 2692 fideles
660 2630 993 2692 Trinitatem
1019 2630 1335 2696 credenteS,
1367 2646 1435 2689 ac
1465 2647 1608 2696 con«,

434 2703 557 2764 triti
594 2707 652 2761 et
682 2702 927 2763 confessi
955 2719 1060 2774 pro
1090 2702 1339 2784 peccatis
1365 2702 1484 2764 suis
1512 2718 1604 2762 se-

437 2776 691 2834 cundum
741 2791 909 2847 posse
966 2774 1399 2844 satisfacientes,
1440 2790 1500 2833 se
1531 2773 1605 2834 ad

437 2848 619 2906 Deum
673 2849 733 2905 in
784 2845 1151 2917 cogitatione,
1199 2845 1508 2914 locutione,
1548 2850 1608 2905 et

435 2934 610 2991 opere
645 2925 1013 2986 convertunt;
1043 2934 1111 2975 ac
1139 2916 1239 2976 Del
1288 2916 1606 2998 bonitatem

436 2995 849 3063 exspectantes,
901 2988 1239 3048 necessitate
1279 2993 1607 3048 tentationis

434 3060 792 3131 imminente,
833 3078 951 3120 non
1000 3061 1294 3122 recedunt.
1354 3061 1606 3127 Quorum

435 3135 738 3190 miseretur
765 3135 939 3202 Deus,
970 3142 1026 3192 et
1051 3132 1232 3206 pascit
1258 3148 1356 3188 cos
1386 3135 1605 3202 septem

434 3204 703 3274 panibus,
733 3204 793 3262 id
824 3208 912 3262 est
961 3211 1180 3276 septem
1219 3202 1383 3261 donis
1413 3201 1606 3268 Sancti

435 3274 700 3345 Spiritus,
743 3291 816 3332 ne
851 3274 1123 3334 deficiant
1176 3274 1235 3334 in
1263 3274 1356 3332 via
1404 3271 1605 3333 mundi

430 3344 644 3415 hujus;
697 3345 900 3416 quibus
933 3350 991 3407 et
1036 3350 1256 3418 septem
1301 3347 1465 3402 dotes
1502 3360 1607 3416 per

429 3422 651 3486 septem
677 3419 902 3488 sportas
931 3424 1292 3474 remanentes
1322 3414 1607 3486 significa-2

432 3490 528 3556 tie,
558 3489 923 3546 reservantur
950 3492 1080 3557 post
1104 3488 1251 3544 hanc
1271 3486 1447 3546 vitam
1467 3487 1606 3548 dan,

429 3558 541 3628 dae,
576 3575 704 3630 quae
731 3561 862 3617 sunt
894 3574 908 3615 z
941 3558 1096 3617 clara
1124 3556 1225 3616 Dei
1262 3555 1429 3625 visio,
1460 3556 1603 3617 frui..

430 3631 533 3698 tio,
565 3629 746 3688 tentio
776 3633 1050 3711 quantum
1078 3630 1152 3692 ad
1182 3626 1436 3710 animam
1463 3646 1479 3702 ς
1503 3626 1607 3688 im·

428 3701 799 3776 passibilitas,
854 3700 1082 3772 agilitas
1160 3701 1447 3760 subtilitas
1469 3743 1485 3770 ,
1542 3704 1602 3762 et

432 3774 662 3832 claritas
709 3777 984 3847 quantum
1036 3743 1110 3834 ad
1166 3789 1403 3855 corpus..
1444 3773 1605 3856 Unde

427 3847 755 3905 Ambrosius
811 3864 830 3905 ε
882 3866 913 3900 ιι
942 3845 1152 3906 Gratim
1187 3845 1438 3905 coelestis
1482 3860 1605 3903 lma-v

424 3916 673 3990 partitur
717 3917 1083 3988 alimentum,
1121 3918 1224 3977 sed
1251 3916 1457 3999 quilius
1502 3915 1605 3975 im-

427 3989 709 4072 partiatur
751 3990 1002 4050 adverte.
1053 3992 1177 4047 Non
1217 3993 1436 4058 otiosis,
1489 4004 1603 4044 non

429 4077 492 4117 in
546 4060 773 4118 civitate
829 4062 995 4144 quasi
1039 4060 1099 4118 in
1165 4076 1471 4134 synagoga,
1514 4058 1604 4118 vel

425 4132 669 4192 seculari
717 4132 994 4203 digmtate
1039 4133 1460 4205 residentibus;
1501 4130 1605 4188 sed

426 4202 581 4262 inter
609 4207 836 4262 deserta
873 4203 1258 4279 quaerentibus
1287 4202 1600 4266 Christum.

427 4274 533 4343 Qui
572 4275 730 4334 enim
783 4293 901 4334 non
951 4275 1268 4347 fastidiunt,
1308 4274 1415 4347 ipsi
1454 4274 1603 4333 exci-

432 4345 666 4418 piuntur
687 4362 725 4402 a
756 4345 1002 4406 Christo.
1036 4346 1247 4406 Dividit
1272 4362 1411 4417 ergo
1441 4359 1604 4406 escas

1722 482 1995 543 Dominus
2026 484 2233 563 jesus.
2280 481 2350 539 Et
2385 479 2483 542 ille
2521 482 2780 565 quidem
2816 485 2935 543 vult

1721 556 1858 615 dare
1888 555 2175 620 omnibuS,
2193 557 2365 623 negat
2395 569 2619 612 nemini
2645 573 2660 624 ;
2688 554 2933 628 dispen-

1722 633 1879 684 sator
1913 624 2068 682 enim
2092 629 2182 681 est
2219 624 2498 685 omnium.
2524 626 2639 684 Sed
2657 644 2801 687 cum
2830 628 2929 685 ille

1721 714 1899 770 panes
1932 697 2157 767 frangat
2188 700 2245 755 et
2273 696 2368 751 det
2408 695 2731 769 discipulis,
2783 698 2839 757 si
2869 705 2926 757 tu

1720 785 1929 830 manus
1958 784 2072 824 non
2103 766 2378 827 extendas
2400 773 2543 833 tuas,
2577 774 2636 824 ut
2657 769 2922 842 accipias

1719 841 1822 899 tibi
1854 855 2035 908 escaS,
2067 837 2298 899 deficies
2326 838 2386 898 in
2403 842 2513 896 via.
2540 842 2653 897 Nec
2688 842 2920 913 poteris

1720 912 1783 972 in
1808 928 1940 971 eum
1967 912 2193 979 culpam
2223 910 2435 968 referre
2474 910 2569 982 qui
2595 913 2919 972 miseretur

1721 987 1779 1042 et
1801 981 2021 1065 dividit.
2050 982 2163 1041 Sed
2189 980 2280 1041 his
2300 952 2519 1051 dividit,
2546 983 2645 1055 qui
2673 1000 2810 1043 cum
2845 1002 2913 1042 eo

1721 1054 1894 1113 etiam
1950 1071 2010 1112 in
2066 1055 2297 1130 deserto
2355 1059 2699 1125 permanent
2734 1097 2750 1124 ,
2810 1057 2912 1128 qui

1719 1126 1905 1201 primo
1954 1130 2011 1182 et
2059 1125 2313 1185 secundo
2344 1124 2458 1194 die,
2487 1131 2544 1184 et
2577 1128 2754 1187 tertio
2785 1143 2911 1187 non

1722 1198 2013 1257 recedunt.
2046 1198 2172 1256 Non
2199 1197 2318 1253 vult
2339 1197 2567 1268 Jejunos
2583 1197 2908 1269 dimittere,

1721 1286 1828 1327 nec
1856 1268 1976 1328 vult
2008 1272 2068 1327 ut
2095 1266 2366 1327 deficiant
2391 1267 2450 1327 in
2471 1267 2581 1326 via.
2614 1269 2909 1342 Noliergo

1722 1341 1966 1401 delicere
1991 1338 2051 1401 in
2079 1338 2382 1411 disciplina
2405 1339 2530 1410 Dei,
2558 1357 2749 1414 neque
2779 1341 2912 1403 sati-

1719 1412 1873 1484 geris
1903 1427 2033 1469 cum
2073 1412 2147 1483 ab
2191 1425 2259 1467 eo
2290 1409 2640 1494 increparis}
2673 1430 2751 1471 ne
2781 1413 2913 1473 faii-

1719 1482 1873 1612 fieris
1897 1498 2071 1552 nunc,
2093 1487 2156 1540 ut
2183 1488 2381 1553 postea
2403 1500 2519 1540 non
2542 1485 2803 1566 fatigeris
2835 1506 2855 1543 ε
2879 1506 2908 1537 »ι

1763 1572 1843 1611 oec
1869 1555 2219 1611 Ambrosius,
2261 1554 2576 1614 Considera
2604 1563 2784 1617 etiam
2818 1557 2910 1617 vi-

1719 1626 1939 1695 litatem
1951 1631 2006 1683 et
2023 1624 2432 1696 parcimoniam
2447 1642 2658 1685 mensae
2674 1644 2910 1697 eorum,

1719 1702 1778 1755 et
1805 1698 2153 1769 voluptatem
2198 1712 2408 1777 sperne
2443 1716 2456 1754 ε
2490 1698 2626 1769 quia
2666 1698 2916 1759 inimica

1719 1774 1808 1827 est
1879 1774 1937 1826 et
1988 1783 2245 1839 corporis
2303 1773 2378 1850 ’et‘
2443 1769 2674 1829 animoe.
2743 1772 2911 1830 Unde

1723 1842 2134 1910 Glirvsostomus
2161 1858 2192 1920 ε,
2207 1858 2235 1892 «
2252 1840 2401 1901 Nihil
2432 1839 2514 1903 ita
2543 1841 2775 1913 corpori
2796 1842 2909 1901 ini-

1721 1911 1934 1971 micum
1964 1916 2021 1969 et
2067 1925 2331 1973 nocivum
2376 1916 2464 1968 est
2512 1917 2576 1971 ut
2614 1913 2910 1988 voluptas,

1720 1982 1863 2045 nihil
1892 1985 2044 2043 enim
2066 1981 2146 2041 ita
2171 1982 2443 2040 rescindit
2467 1988 2530 2040 et
2562 1984 2820 2052 suffodit,
2846 1985 2911 2043 id

1720 2060 1808 2136 est
1833 2052 2162 2135 corrumpit.
2196 2055 2266 2109 Et
2299 2053 2548 2125 primum
2576 2056 2758 2127 pedes
2784 2072 2911 2137 pu·-

1721 2132 1828 2194 nit,
1843 2142 1938 2197 qui
1959 2131 2331 2197 portaverunt
2349 2142 2454 2182 nos
2476 2128 2549 2183 ad
2574 2126 2912 2199 perniciosa

1718 2195 1817 2256 illa
1851 2195 2145 2264 convivia;
2177 2195 2384 2252 deinde
2408 2213 2613 2257 manus
2637 2214 2768 2269 quae
2803 2199 2910 2257 mi-

1720 2270 1963 2327 nistrant
2006 2265 2189 2327 ventri
2237 2267 2439 2349 ligans,
2481 2269 2615 2340 quia
2651 2270 2797 2329 talia
2848 2274 2909 2329 et

1719 2344 1881 2397 tanta
1908 2339 2221 2399 attulerunt
2250 2340 2481 2397 cibaria.
2512 2340 2676 2399 Multi
2705 2347 2904 2402 autem

1720 2415 1777 2469 et
1818 2409 2004 2481 ipsum
2039 2425 2103 2469 os
2151 2417 2566 2482 perverterunt,
2603 2418 2662 2469 et
2702 2413 2907 2473 oculos

1718 2486 1774 2537 et
1804 2485 1969 2553 caput
2005 2498 2017 2537 ε
2052 2501 2080 2534 n
2112 2481 2235 2542 haec
2273 2483 2708 2554 chrysostomus.
2739 2486 2905 2544 Unde

1718 2559 1776 2614 et
1805 2556 2072 2612 Horatius
2109 2575 2122 2616 ε

1788 2667 1994 2746 Sperne
2022 2666 2353 2748 voluptates,
2393 2671 2548 2816 noscet
2577 2672 2760 2795 emplta
2789 2669 2904 2796 {10-

2497 2755 2586 2794 ore
2618 2755 2683 2795 vo
2710 2756 2786 2813 up
2813 2757 2902 2806 as,

1719 2847 1799 2907 De
1827 2844 1957 2904 aliis
1988 2846 2060 2903 ad
2089 2845 2521 2906 meditationem
2552 2846 2902 2917 pertinenti-

1717 2919 1824 2999 bus
1853 2923 2010 2990 patet
2042 2934 2235 3000 supra,
2279 2918 2339 2976 in
2377 2917 2493 2977 alia
2531 2918 2796 2990 pastione
2825 2921 2901 2984 de

1719 3005 1974 3062 quinque
2006 2992 2267 3061 panibus.
2661 3007 2664 3008 ⁷

1791 3083 1823 3133 9
1850 3062 2468 3121 SioniricAi-io-iirsrics
2493 3080 2696 3121 sarran
2712 3080 2899 3122 aarum

1720 3149 1784 3190 m·
1823 3143 2043 3190 nuoiimi
2095 3150 2500 3193 risulcumiiun.
2570 3167 2632 3180 π·
2686 3135 2899 3193 Adhuc

1718 3207 1909 3261 autem
1943 3204 2036 3260 hic
2068 3219 2169 3275 per
2216 3209 2435 3276 septem
2470 3221 2650 3276 panes
2681 3206 2895 3263 iutelli-

1719 3278 1932 3356 guntur
1980 3284 2195 3346 septem
2248 3275 2601 3347 poenitentiae
2643 3282 2838 3355 partes
2878 3295 2897 3335 i

1718 3361 1936 3417 primus
1968 3346 2132 3417 panis
2162 3351 2249 3404 est
2281 3347 2447 3405 malm
2481 3348 2614 3408 vitm
2649 3348 2901 3407 sollicita

1719 3417 2069 3485 emendatio;
2099 3419 2404 3485 secundus,
2439 3434 2574 3476 vera
2608 3423 2664 3476 et
2695 3420 2898 3476 humi-

1719 3487 1789 3544 lis
1821 3488 2142 3546 defectuum
2161 3491 2480 3558 accusati03
2511 3489 2736 3559 tertius,
2757 3507 2898 3547 con-

1719 3564 1810 3622 tra
1837 3575 2130 3639 excessum
2167 3561 2530 3618 commissum
2558 3560 2712 3634 Jugis
2751 3561 2901 3618 iudi·

1718 3635 1946 3711 gnatum
1979 3636 2236 3702 quartus,
2263 3649 2382 3689 non
2403 3632 2698 3691 relabendi
2728 3632 2901 3691 anxia

1718 3700 2062 3783 trepidatiog
2123 3705 2373 3775 quintus,
2413 3702 2661 3775 amplius
2716 3705 2896 3776 proti·

1718 3771 1904 3854 ciendi
1959 3774 2222 3841 affecti03
2282 3780 2495 3844 sextus,
2559 3778 2894 3832 sanctorum

1716 3860 1970 3903 virorum
1998 3844 2239 3904 imitatio
2263 3862 2277 3914 ς
2325 3847 2623 3918 septimae,
2652 3861 2892 3908 suorum

1719 3917 1999 3976 malorum
2055 3921 2111 3973 et
2154 3916 2399 3975 aliorum
2460 3917 2704 3990 punitio.
2760 3919 2894 3976 Istae

1718 3992 1852 4045 sunt
1906 3987 2372 4070 septem-spicae,
2430 3989 2773 4061 pullulantes
2832 3988 2894 4045 in

1719 4059 1904 4116 culmo
1950 4076 2106 4127 uno;
2139 4065 2234 4116 isti
2272 4065 2402 4117 sunt
2432 4077 2492 4117 se
2535 4066 2650 4117 tem
2680 4060 2893 4131 gradus

1718 4129 1781 4189 in
1810 4131 1982 4199 scala,
2009 4146 2113 4203 per
2131 4147 2301 4202 quam
2322 4131 2384 4188 in
2404 4148 2487 4189 coe
2514 4148 2607 4189 um
2638 4131 2893 4189 ascendi·

1718 4206 1831 4274 tur,
1885 4218 1946 4260 se
1990 4208 2104 4259 tem
2141 4208 2504 4274 peccatorum
2560 4202 2892 4266 mortalium

1717 4274 1907 4356 culpa,
1971 4274 2182 4358 luitur,
2243 4274 2593 4357 septiformis
2643 4273 2894 4358 §.piritus

1718 4346 1910 4406 Sancti
1951 4350 2137 4417 gratia
2161 4345 2502 4417 infunditur,
2534 4350 2596 4405 et
2619 4350 2897 4404 vii-tutum
