3146 5023
303 402 365 457 40
408 380 518 433 ’Ἣ

299 527 334 569 o
374 510 557 568 eratin
577 507 748 564 fldem
767 508 1012 565 sermoni
1027 522 1227 564 eorum
1239 507 1472 565 faceret.

345 583 456 639 nde
502 583 865 650 Hienonymus
890 599 907 635 ε
954 601 984 632 «
1014 581 1092 636 Ne
1147 579 1476 649 hominibus

293 653 622 716 rusticanis
664 656 722 706 et
761 653 978 720 absque
1032 651 1240 722 eloquii
1292 666 1475 706 venu-

291 730 439 782 state
465 723 706 780 indoctis
734 727 793 778 et
814 722 1140 787 illitteratis,
1195 722 1474 792 pollicen-

294 795 451 853 tibus
483 809 662 865 regna
689 793 964 850 coelorum
993 809 1161 849 nemo
1182 793 1470 850 crederet:

293 867 394 924 dat
438 869 776 937 potestatem
809 865 1084 921 miracula
1112 863 1383 933 faciendi,
1414 868 1477 919 ut

291 937 749 1010 magnitudinem
798 937 1226 1005 promissorum,
1273 935 1478 1005 probet

292 1007 628 1095 magnitudo
654 1008 967 1073 signorum.
999 1030 1026 1054 ι»
1056 1008 1216 1063 Unde
1244 1011 1302 1062 et
1339 1006 1475 1064 Gre-

292 1095 482 1152 qorms
515 1097 529 1134 :
569 1097 598 1130 «
630 1078 913 1147 Adiuncta
953 1083 1084 1147 sunt
1126 1082 1314 1134 autem
1337 1093 1478 1148 prae·

297 1148 645 1209 dicatoribus
667 1148 879 1205 sanctis
904 1146 1199 1218 miracula,
1215 1155 1281 1204 ut
1301 1147 1475 1205 iidem

292 1220 485 1279 verbis
513 1221 678 1276 daret
717 1219 896 1276 virtus
927 1226 1154 1276 ostensa
1171 1236 1189 1289 3
1241 1225 1299 1276 et
1325 1235 1476 1275 nova

296 1291 575 1356 facerent,
604 1292 699 1362 qui
736 1307 882 1346 nova
910 1291 1306 1361 praedicarent.
1342 1309 1372 1343 »
1410 1292 1480 1346 Et

294 1362 505 1421 iterum
536 1381 552 1419 ι
589 1382 618 1415 «
659 1350 790 1418 iiaec
819 1366 1010 1418 autem
1040 1362 1087 1417 si
1134 1378 1206 1417 na
1234 1362 1289 1416 in
1313 1377 1476 1417 exor-

301 1434 395 1491 dio
422 1434 689 1490 Ecclesiae
739 1432 1062 1489 necessaria
1121 1438 1364 1500 uerunt3
1412 1438 1479 1490 ut

298 1506 452 1562 enim
480 1505 623 1561 fides
652 1510 936 1561 cresceret
964 1503 1339 1572 credentium,
1369 1502 1478 1559 mi-

292 1574 503 1633 raculis
533 1583 658 1632 erat
695 1575 1018 1632 nutrienda.
1050 1594 1079 1627 »
1124 1574 1283 1631 Unde
1305 1575 1478 1631 etiam

297 1647 713 1717 chrysostomus
743 1668 757 1704 ε
794 1668 823 1698 «
847 1650 1050 1702 Postea
1089 1652 1285 1701 autem
1317 1652 1481 1702 stete·

290 1725 448 1787 runt,
476 1717 796 1774 reverentia
817 1716 1176 1785 fideiubique
1204 1716 1476 1787 plantata.

294 1788 353 1846 Si
382 1794 573 1845 autem
598 1796 655 1843 et
690 1793 881 1857 postea
923 1787 1074 1842 facta
1114 1792 1267 1856 sunt,
1298 1803 1481 1859 pauca

295 1864 353 1917 et
375 1876 507 1915 rara
538 1859 790 1913 fuerunt.
809 1882 836 1905 ›-

363 1952 396 2002 7
436 1929 640 1986 Gan-13
669 1946 810 1984 DARE
851 1945 1059 1984 ΒΕΒΕΝΤ
1097 1946 1242 1993 ouon
1289 1946 1480 1985 ciuus

293 2016 657 2059 accersatis-r.
711 2031 782 2040 —
827 2000 1042 2056 Deinde
1075 2001 1383 2057 excludens
1407 2002 1478 2058 ab

297 2072 380 2128 eis
407 2072 798 2142 cupiditatem,
822 2072 1119 2144 subjungit
1144 2090 1159 2129 ε
1189 2072 1398 2141 Gratis,
1424 2079 1481 2129 et

293 2143 416 2200 sine
441 2143 645 2213 preti0,
675 2146 986 2215 accepistis,
1007 2148 1343 2214 potestatem
1370 2145 1480 2200 mi-

291 2215 492 2272 racula
520 2216 788 2283 faciendi,
830 2213 1071 2286 gratiam
1110 2216 1477 2286 praedicandi,

299 2289 357 2342 et
380 2285 761 2342 ministerium
779 2292 1135 2342 sacramenta
1151 2285 1481 2356 dispensan-

298 2355 378 2426 di,
415 2361 474 2410 et
513 2356 663 2411 dona
690 2355 803 2411 alia
837 2373 872 2412 a
903 2358 1017 2411 Deo
1038 2357 1198 2412 vobis
1233 2356 1478 2429 collata3

291 2428 494 2497 pratis,
518 2433 575 2481 et
606 2428 726 2481 sine
756 2429 960 2496 pretio,
977 2428 1106 2482 date
1123 2427 1253 2482 aliis
1277 2428 1480 2485 eodem

293 2496 468 2555 modo
503 2514 619 2569 quo
649 2499 965 2569 accepistiS,
994 2515 1066 2554 ne
1097 2496 1319 2554 desinat
1360 2516 1479 2557 esse

290 2570 601 2651 gratia,sed
624 2576 842 2625 merces
860 2571 1220 2635 videatur,ne
1244 2570 1481 2628 vilescat

208 2689 214 2696 .
291 2641 713 2710 inaestimabile,
742 2642 877 2697 dum
921 2641 1219 2711 pretiabile
1247 2650 1478 2712 reputa-

291 2715 408 2767 tur.
449 2712 619 2778 Quasi
649 2713 818 2779 dicat,
857 2714 1172 2769 secundum
1201 2713 1478 2783 Hierony-

289 2797 440 2838 mum
470 2799 484 2840 :
516 2783 630 2854 Ego
663 2785 927 2854 Magister
973 2791 1029 2839 et
1057 2784 1323 2839 Dominus
1348 2783 1478 2841 abs-

290 2863 400 2935 que
420 2856 602 2925 pretio
622 2855 780 2910 vobis
799 2857 918 2910 liaec
936 2854 1132 2920 tribui,
1147 2871 1283 2925 ergo
1301 2862 1358 2912 et
1380 2872 1481 2913 vos

290 2938 412 2981 sine
454 2924 634 2996 pretio
670 2926 817 2982 date.
856 2926 1016 2984 Unde
1074 2934 1131 2982 et
1160 2927 1478 2996 chrysosto-

287 3010 411 3052 mus
428 3017 441 3053 ε
459 2998 582 3052 «Ne
608 2999 867 3054 videatur
894 3014 1092 3054 eorum
1112 2998 1476 3065 beneficium,

289 3066 615 3137 superbiam
644 3085 841 3125 eorum
866 3071 1210 3140 comprimit,
1233 3070 1427 3127 dicens
1460 3088 1473 3127 :

293 3136 485 3195 Gratis
509 3144 830 3210 accepistis;
856 3147 914 3195 et
939 3141 1012 3196 ab
1029 3156 1227 3196 amore
1252 3142 1481 3210 pecuni-

290 3224 455 3266 arum
504 3225 599 3264 eos
638 3213 876 3265 mundos
906 3216 1205 3281 praeparat,
1233 3210 1426 3267 dicens
1459 3230 1472 3269 ε

294 3279 482 3337 Gratis
534 3280 680 3335 date.
721 3303 746 3329 υ
801 3282 871 3334 Et
917 3280 1174 3337 ilerum:
1241 3302 1272 3333 «
1302 3284 1476 3349 Quasi

291 3351 444 3408 dicat
473 3367 486 3406 :
520 3348 670 3404 Nihil
716 3366 813 3404 vos
860 3352 933 3405 de
973 3360 1160 3407 vestro
1191 3352 1476 3424 largimini

291 3419 752 3490 suscipientibu5‚
786 3437 969 3491 neque
1011 3425 1164 3477 enim
1213 3425 1475 3480 mercede

287 3492 399 3549 hoc
421 3490 736 3561 accepistiS,
760 3508 947 3563 neque
973 3492 1330 3564 laborantes;
1349 3509 1477 3550 mea

289 3569 374 3621 est
419 3561 624 3636 gratia,
657 3566 835 3631 oratis
863 3566 1015 3619 enim
1054 3567 1362 3635 accepistis,
1398 3566 1476 3622 ita

287 3634 464 3708 igitur
492 3633 620 3690 aliis
647 3640 796 3703 date,
833 3651 1018 3707 neque
1045 3637 1199 3691 enim
1231 3641 1316 3691 est
1340 3652 1476 3693 con-

289 3708 526 3779 dignum
574 3708 817 3777 pretium
860 3722 1056 3763 eorum
1083 3708 1341 3764 invenire
1392 3725 1407 3766 :
1447 3728 1469 3758 ι

285 3776 412 3850 haec
458 3780 895 3847 chrysostomus.
956 3780 1088 3834 Haec
1132 3779 1368 3835 audiant
1403 3779 1479 3835 si-

283 3847 553 3917 moniaci,
586 3851 708 3905 haec
741 3852 978 3906 audiant
1004 3850 1086 3905 illi
1119 3851 1215 3921 qui
1251 3850 1477 3922 spirita-

285 3920 365 3976 lia
393 3921 642 3977 vendere
673 3922 758 3977 vel
786 3937 975 3977 emere
1003 3937 1120 3977 non
1144 3922 1475 3978 formidant.

283 3992 397 4049 Pro
435 3992 785 4062 spiritalibus
823 3995 976 4049 enim
1011 3992 1254 4062 actibuS,
1283 3997 1345 4049 ut
1372 4009 1476 4065 pro

283 4062 772 4119 administratione
808 4072 1292 4121 sacramentorum
1315 4107 1330 4134 ,
1375 4079 1475 4135 pro

283 4134 716 4203 praedicatione,
739 4133 826 4189 vel
851 4135 1255 4191 miraculorum
1278 4150 1479 4205 opera-

288 4202 468 4273 tione,
501 4209 560 4259 et
589 4205 1000 4274 consimilibus,
1025 4221 1142 4262 non
1172 4207 1343 4262 debet
1369 4206 1474 4262 ali-

289 4274 428 4347 quid
460 4276 622 4343 qu'asi
646 4277 892 4345 pretium
925 4275 1104 4346 accipi
1133 4294 1150 4346 ;
1187 4276 1322 4348 quia
1357 4292 1477 4333 non

288 4349 375 4404 cst
399 4345 650 4417 pretium
680 4361 879 4402 eorum
917 4346 1155 4420 dignum
1193 4348 1471 4405 invenire.

1097 399 1321 454 PRIMAE
1374 398 1617 454 Pinus
1669 396 1879 452 CAPUT
1931 398 1995 452 LI

1659 511 1693 564 8
1746 508 1907 563 Num.
1959 522 2227 563 ranam-rs
2264 523 2322 563 m
2359 521 2454 562 m
2476 546 2492 574 ,
2531 522 2603 562 An
2652 521 2788 564 oum

1587 594 1967 636 Turonum(
1988 595 2391 634 sotumi-nomn
2413 592 2777 638 Lmssmrtm.

1590 681 1656 692 —
1687 651 1904 706 Deinde
1928 651 1999 707 ab
2028 651 2184 706 omni
2215 649 2536 704 eosliberat
2562 646 2786 704 sollici·

1587 721 1877 791 tudine,ut
1889 722 2246 776 vacationem
2269 735 2500 775 omnem
2522 719 2785 776 tribuant

1588 793 1763 848 verbo
1813 792 1937 859 Dei,
1968 796 2026 848 et
2065 797 2185 847 tota
2233 791 2555 846 sollicitudo
2583 805 2786 847 eorum

1588 868 1935 934 congregata
1966 865 2333 918 convertatur
2379 862 2451 917 ad
2501 858 2784 931 praedica·

1587 931 1803 989 tionem
1829 934 2141 1005 Evangelii,
2170 933 2365 988 dicens
2405 954 2418 988 ε
2453 932 2615 990 Nihil
2646 932 2785 987 tule-

1587 1006 1719 1060 ritis
1747 1007 1809 1060 in
1834 1007 1949 1074 via,
1996 1011 2206 1069 euntes,
2226 1004 2298 1059 ad
2322 1001 2784 1072 praedicandum,

1587 1090 1768 1146 neque
1810 1091 2028 1136 aurum,
2059 1090 2233 1146 neque
2264 1078 2577 1144 arpentum,
2606 1087 2788 1143 neque

1582 1148 1876 1218 pecuniam
1919 1146 2172 1216 aliquam
2213 1148 2274 1200 in
2303 1147 2480 1208 zonis,
2512 1149 2570 1200 et
2596 1142 2790 1200 bursis

1588 1218 1886 1282 vestris,ad
1904 1216 2336 1287 providendum,
2355 1216 2571 1271 scilicet
2594 1215 2784 1286 vobis,

1587 1287 1649 1343 in
1683 1289 1774 1344 via
1796 1289 1865 1343 de
1896 1286 2256 1354 necessariis3
2277 1303 2454 1357 neque
2472 1286 2781 1356 sacculum,

1590 1374 1764 1430 neque
1806 1375 2020 1430 peram,
2057 1359 2114 1413 id
2148 1363 2234 1413 est
2262 1355 2665 1428 repositorium
2694 1356 2780 1413 ci·

1594 1430 1820 1498 borum,
1866 1431 1938 1487 ad
1972 1431 2311 1500 portandum
2346 1430 2405 1484 in
2449 1428 2562 1493 via,
2604 1442 2785 1509 neque

1589 1517 1809 1582 panem,
1840 1501 1937 1572 qui
1967 1500 2149 1571 magis
2175 1501 2402 1555 videtur
2424 1512 2783 1556 necessarius

1593 1577 1745 1627 inter
1777 1572 1890 1627 alia
1917 1578 1972 1627 et
2005 1572 2182 1626 multo
2214 1569 2400 1625 minus
2424 1570 2642 1626 cibaria
2676 1569 2783 1626 de-

1593 1643 1760 1699 licata
1784 1660 1802 1712 3
1861 1659 2034 1714 neque
2086 1642 2229 1698 duas
2282 1643 2519 1710 tunicas,
2577 1640 2634 1695 id
2694 1646 2785 1697 est

1593 1719 1778 1770 vestes
1808 1714 2143 1783 superssuaS,
2183 1713 2468 1780 habeati33
2499 1715 2787 1783 quotquot

1594 1785 1748 1841 enirn
1777 1791 1907 1840 sunt
1932 1783 2285 1847 necessarias,
2333 1799 2433 1853 pro
2463 1798 2578 1839 una
2602 1798 2778 1864 repu-

1592 1862 1829 1924 tantur;
1884 1872 2059 1927 neque
2115 1857 2504 1923 calceamenta,
2563 1853 2786 1911 scilicet

1594 1927 1840 1998 integra,
1886 1931 2020 1997 quia
2067 1927 2314 1998 Apostoli
2348 1925 2620 1981 sandaliis
2664 1929 2785 1982 ute-

1595 1998 1838 2068 bantur;
1906 2014 2080 2068 neque
2123 2001 2362 2066 virgam,
2395 2012 2525 2068 qnae
2564 1996 2784 2053 scilicet

1587 2067 1906 2126 itinerariis
1927 2070 2144 2140 praebet
2164 2086 2272 2124 aux
2299 2068 2477 2124 ilium.
2502 2067 2609 2134 Qui
2625 2067 2786 2124 enim

1594 2141 1821 2197 Domini
1866 2141 2037 2197 habet
2077 2141 2366 2203 auxilium,
2422 2155 2524 2194 cur
2567 2138 2780 2206 baculi,

1594 2213 1682 2267 vel
1713 2213 1949 2269 alterius
1994 2212 2079 2268 rei
2127 2219 2349 2283 quaerat
2395 2207 2781 2281 praesidium?

1597 2284 1707 2340 Sed
1734 2285 1783 2339 si
1809 2284 2077 2354 prohibet
2120 2285 2340 2356 virgam
2390 2287 2448 2337 et
2507 2283 2779 2352 quaedam

1593 2354 1727 2425 alia,
1759 2371 1888 2426 quae
1926 2355 2194 2410 videntur
2248 2353 2588 2424 necessaria,
2636 2352 2776 2425 quid

1595 2425 1664 2481 de
1691 2427 1851 2497 equis
1875 2432 1934 2482 et
1965 2440 2243 2495 equorum
2273 2425 2537 2496 phaleri5‚
2561 2424 2654 2481 vel
2682 2440 2783 2480 ce·-

1592 2498 1732 2553 teris
1755 2497 2094 2568 superfluis?
2122 2498 2225 2553 Ubi
2256 2497 2441 2553 omnis
2468 2493 2776 2569 cupiditaS,

1593 2574 1650 2624 et
1668 2571 1926 2626 avaritiae
1952 2569 2196 2637 occasio,
2217 2578 2274 2624 et
2298 2568 2618 2624 sollicitudo
2638 2573 2781 2624 tem·

1591 2641 1873 2710 poralium
1923 2642 2162 2706 tollitur,
2210 2655 2377 2694 omne
2429 2640 2782 2709 superfluum

1590 2718 1937 2783 amputatur,
1965 2717 2023 2767 et
2059 2712 2180 2766 sola
2216 2711 2536 2766 necessaria
2570 2726 2778 2767 conce·

1593 2782 1827 2839 duntur.
1861 2784 2117 2853 Denique
2145 2782 2443 2852 expeditur
2470 2782 2581 2849 via,
2611 2785 2670 2836 et
2691 2780 2781 2837 fu·

1591 2854 1675 2924 git
1705 2852 1896 2926 timor,
1921 2855 2124 2909 crescit
2150 2856 2446 2908 securitas.
2477 2852 2635 2908 Unde
2656 2866 2780 2909 non

1591 2924 1877 2981 immerito
1910 2932 2076 2996 poeta
2110 2926 2398 2980 ,Iuvenalis
2424 2923 2544 2980 ait:

1662 2997 1921 3053 Cantabit
1932 3012 2138 3052 vacuus
2149 3012 2330 3051 coram
2346 2997 2557 3049 latrone
2570 2993 2776 3050 viator.

1588 3067 1707 3123 Hoc
1730 3084 1868 3141 ergo
1895 3075 2077 3124 totum
2104 3067 2336 3123 dicit.ad
2363 3064 2780 3122 excludendum

1586 3153 1622 3193 a
1647 3140 2033 3209 predicatione
2062 3139 2218 3194 verbi
2248 3137 2424 3192 divini
2449 3134 2782 3192 sollicitudi-

1585 3223 1719 3264 nem
1749 3210 2168 3279 temporalium.
2203 3208 2561 3279 Temporalia
2597 3207 2776 3273 enim,

1585 3279 1645 3335 in
1671 3279 1758 3335 sui
1773 3281 2144 3353 acquisitione
2175 3280 2477 3335 molestant
2498 3278 2781 3347 animum,

1586 3358 1645 3407 et
1666 3351 1853 3408 adhuc
1888 3355 2009 3423 plus
2053 3354 2111 3407 in
2151 3367 2236 3405 sui
2268 3350 2620 3422 possessione
2655 3355 2780 3406 tur-
2825 3372 2846 3386 =

1585 3423 1728 3480 bant
1800 3439 1951 3491 eum,
2012 3425 2145 3493 quia
2219 3424 2338 3505 jam
2423 3429 2556 3478 sunt
2613 3424 2780 3496 quasi

1588 3495 1846 3551 membra
1880 3495 1985 3564 ipsi
2013 3495 2245 3550 habentl
2276 3495 2678 3565 incorporata3
2718 3500 2780 3552 et

1587 3565 1717 3622 ideo
1742 3567 1922 3637 magis
1959 3568 2196 3621 trahunt
2247 3568 2503 3620 animum
2531 3566 2780 3624 hominis

1587 3638 1659 3693 ad
1707 3638 2089 3693 inordinatam
2127 3635 2490 3708 dilectionem
2524 3637 2633 3693 sui.
2680 3639 2777 3711 Et,

1588 3709 1725 3780 quia
1751 3708 1861 3764 hoc
1911 3707 2151 3764 suffocat
2189 3709 2423 3764 verbum
2480 3708 2602 3777 Dei,
2644 3707 2775 3766 ideo

1588 3795 1702 3835 non
1763 3780 1934 3835 debet
1992 3795 2114 3834 esse
2189 3780 2252 3834 in
2305 3778 2780 3848 praedicatoribus

1587 3849 1900 3922 Evangelii.
1950 3851 2148 3921 Igitur,
2183 3857 2244 3905 ut
2281 3851 2417 3904 dicit
2449 3849 2773 3919 Greqorius,

1587 3927 1748 3977 tanta
1786 3919 2147 3993 praedieatori
2191 3921 2361 3977 debet
2391 3923 2449 3975 in
2478 3921 2596 3977 Deo
2648 3936 2774 3979 esse

1586 3991 1820 4074 fiducia,
1883 4000 1946 4048 ut
1990 3993 2285 4063 praesentis
2331 3991 2459 4048 vitae
2488 3997 2772 4064 sumptus,

1586 4078 1845 4134 quamvis
1900 4079 2015 4119 non
2057 4065 2364 4135 provideat,
2422 4068 2617 4119 tamen
2661 4063 2773 4121 sibi

1584 4133 1689 4191 hos
1706 4151 1820 4190 non
1840 4134 2155 4191 defecturos
2180 4135 2494 4190 certissime
2506 4134 2772 4206 sciat,ne,

1585 4206 1722 4262 dum
1749 4221 1911 4262 mens
1938 4207 2060 4276 ejus
2090 4213 2400 4274 occupatur
2436 4207 2510 4260 ad
2547 4210 2774 4275 tempo-

1583 4276 1749 4347 ralia,
1783 4277 1966 4333 minus
2016 4277 2144 4332 aliis
2178 4278 2480 4346 provideat
2525 4281 2764 4335 aeterna.

1584 4349 1671 4420 Et,
1726 4349 2040 4420 secundum
2084 4347 2407 4417 Greqorium
2456 4348 2774 4409 Nazianze-
