3146 5023
609 440 691 494 DE
746 438 1237 493 INGREPATIONE
1296 437 1799 493 PHARISAEORUM
1852 440 1932 493 ΕΤ
1984 440 2412 496 LEGISPERIT.
2646 434 2741 492 233

285 549 557 618 recubuit,
591 551 651 604 et
683 543 985 619 requievit,
1015 544 1073 600 id
1111 549 1197 601 est
1244 544 1317 602 ad
1368 561 1457 602 co-

286 620 630 680 medendum
675 635 736 676 se
786 616 990 691 posuit.
1026 616 1228 673 Omisit
1265 622 1458 674 autem

286 694 482 751 lavare
532 707 754 760 manuS‚
808 696 870 745 ut
919 689 1146 745 illorum
1201 705 1455 754 errorem

288 763 623 837 corrigeret,
656 763 753 890 qui
804 761 1112 817 credebant
1159 760 1311 832 quod
1357 762 1458 818 illa

280 835 423 894 lotio
481 835 558 892 ad
612 840 851 891 sautem
898 833 1223 889 necessaria
1269 837 1453 903 esset,

280 905 447 980 quasi
494 923 597 979 per
633 921 760 962 eam
811 902 1050 960 interior
1096 904 1389 960 mundatio
1422 920 1456 960 a

281 977 526 1051 peccatis
578 977 780 1047 fieret3
832 981 890 1031 et
932 982 994 1030 ut
1036 975 1457 1031 demonstraret

281 1049 436 1123 quod
482 1066 590 1106 non
630 1051 758 1105 lotis
809 1047 1065 1103 manibus
1102 1048 1455 1118 manducare,

281 1139 390 1179 non
419 1123 742 1192 coinquinat
771 1121 1064 1175 hominem.
1097 1119 1257 1175 Unde
1298 1120 1458 1176 Pha-

281 1195 478 1251 risaeus
505 1195 657 1248 intra
679 1208 738 1247 se
770 1188 1163 1257 murmuravit,
1197 1196 1253 1246 et
1279 1206 1460 1261 repu—

282 1267 426 1321 tavit
455 1279 722 1335 magnam
753 1278 877 1318 esse
902 1262 1142 1333 culpam,
1178 1264 1329 1332 quod
1359 1278 1461 1319 se-

283 1337 533 1393 cundum
574 1332 911 1391 traditiones
953 1334 1303 1403 Judaeorum,
1346 1349 1461 1389 non

288 1411 435 1465 esset
458 1407 606 1461 lotus
635 1409 768 1462 ante
795 1404 1113 1474 prandium.
1147 1404 1288 1459 Mira
1312 1405 1463 1461 stul-

289 1478 457 1535 titial
503 1475 706 1534 Filium
740 1474 842 1531 Dei
879 1474 1200 1531 Pharisaeus
1228 1474 1333 1531 iste
1361 1492 1465 1532 ar—

293 1551 439 1623 guit,
493 1550 630 1620 quia
673 1550 957 1619 praecepta
1001 1545 1298 1602 hominum
1347 1563 1463 1603 non

295 1625 507 1690 servat,
569 1617 668 1691 qui
723 1617 1124 1675 traditionibus
1173 1617 1466 1676 hominum

299 1693 589 1764 subjectus
616 1706 732 1746 non
762 1694 907 1746 erat.

365 1784 394 1820 α
453 1763 724 1819 Pimusffl
779 1777 1058 1817 paurum
1110 1778 1179 1818 nn
1247 1779 1467 1818 anunm

288 1852 571 1893 nxrssnlom
608 1850 823 1891 TANTUM
874 1849 1149 1889 sonmcm.
1185 1865 1256 1874 -
1280 1833 1465 1890 Domi-

287 1924 398 1965 nus
429 1913 621 1964 autem
673 1903 1004 1978 cogitationi
1044 1904 1197 1961 illius
1232 1921 1464 1977 respon·

290 1980 393 2049 dit,
424 1977 734 2035 ostendens
767 1993 867 2048 per
893 1978 1002 2032 hoc
1022 1992 1082 2032 se
1109 1992 1233 2033 esse
1263 1978 1461 2047 Deum,

292 2051 385 2108 eui
410 2050 566 2107 nuda
594 2055 651 2105 et
682 2055 883 2120 aperta
911 2052 1043 2103 sunt
1080 2052 1300 2104 secreta
1328 2064 1466 2104 cor—

293 2122 485 2190 dium3
516 2127 573 2176 et
602 2118 794 2192 arguit
823 2119 978 2191 ipsos
1012 2119 1464 2191 Pharisaeos,qui

292 2192 446 2266 quod
475 2191 613 2249 foris
637 2197 761 2247 erat
795 2207 830 2247 a
859 2188 1121 2247 sordibus
1159 2190 1464 2247 exteriori-

289 2266 396 2323 bus
435 2263 809 2332 mundabant,
839 2267 896 2317 et
939 2262 1091 2332 quod
1124 2264 1276 2318 intus
1318 2268 1462 2332 erat,

292 2353 327 2393 a
381 2335 602 2392 macula
657 2332 894 2406 rapinae,
934 2339 993 2387 et
1046 2332 1363 2405 iniquitatis
1409 2341 1466 2391 et

293 2407 510 2464 fraudis
536 2422 650 2463 non
676 2406 1066 2463 mundabant:
1092 2405 1279 2477 quide
1306 2421 1467 2461 mun-

291 2479 433 2536 ditia
487 2476 749 2535 exteriori
807 2478 868 2533 in
929 2474 1075 2532 vasis
1132 2485 1189 2534 et
1250 2493 1466 2550 corpo-

294 2550 459 2607 ribus
487 2548 604 2606 suis
652 2555 818 2606 erant
863 2548 1103 2604 multum
1141 2549 1368 2606 solliciti
1411 2554 1468 2606 et

292 2621 614 2694 diligenteS‚
677 2625 735 2677 et
781 2619 851 2675 de
890 2620 1167 2676 munditia
1206 2620 1466 2678 interiori

286 2693 466 2765 ipsius
496 2690 704 2749 mentis
727 2689 1102 2763 negligentes,
1133 2696 1191 2748 et
1227 2709 1345 2748 non
1373 2709 1464 2749 cu-

292 2771 513 2835 rantes;
571 2779 699 2820 cum
737 2763 1183 2843 tamen-merito
1228 2764 1466 2821 deberet

287 2852 414 2893 esse
450 2852 482 2892 e
512 2851 785 2892 converso
818 2851 832 2889 z
863 2849 997 2904 quia
1031 2834 1271 2892 interior
1301 2852 1465 2892 mun-

294 2906 435 2963 ditia
466 2913 554 2962 est
597 2903 971 2967 necessitatis,
998 2908 1248 2963 exterior
1276 2914 1467 2964 autem

296 2977 648 3035 solummodo
674 2974 1012 3046 honestatiS,
1041 2977 1195 3034 unde
1225 2994 1339 3034 non
1369 2978 1469 3034 in-

294 3049 476 3106 terior
501 3091 517 3119 ‚
576 3046 679 3104 sed
736 3046 984 3103 exterior
1055 3048 1179 3104 sine
1233 3056 1466 3121 peccato

295 3118 484 3178 omitti
512 3124 720 3191 potest.
765 3120 835 3175 Et
877 3116 1005 3173 ideo
1036 3119 1294 3177 Christus
1321 3127 1469 3179 exte·

298 3191 509 3249 riorem
562 3188 834 3247 lotionem
877 3189 1090 3262 omisit,
1122 3199 1183 3247 ut
1233 3192 1471 3249 haberet

297 3261 653 3320 occasionem
691 3259 970 3335 arguendi
1006 3262 1348 3333 PharisaeOS,
1398 3265 1468 3321 de

300 3334 564 3392 exteriori
595 3335 879 3390 munditia
923 3339 1143 3390 tantum
1181 3342 1470 3406 curante5‚

303 3411 359 3464 et
409 3404 738 3463 interiorem
787 3404 1179 3477 negligenteS,
1226 3407 1471 3464 exterius

302 3477 632 3537 simulantes
664 3477 944 3550 justitiam
995 3481 1053 3534 et
1089 3478 1469 3549 sanctitatem,

300 3547 454 3606 intus
485 3549 795 3606 retinentes
833 3550 1143 3621 nequitiam
1175 3555 1230 3607 et
1261 3550 1472 3622 iniqui-

299 3623 502 3700 tatem..
527 3620 658 3689 Sed,
689 3635 722 3675 o
754 3621 1060 3690 Pharisaee,
1085 3623 1299 3679 munda
1317 3622 1475 3695 prius

300 3690 453 3762 quod
488 3695 642 3746 intus
672 3690 1007 3758 est,scilicet
1037 3707 1134 3748 cor
1154 3701 1210 3748 et
1225 3693 1475 3750 animam

301 3777 336 3817 a
363 3760 564 3816 fraude
599 3764 656 3816 et
683 3760 846 3817 malis
875 3760 1197 3832 desideriis,
1226 3768 1290 3819 ut
1320 3781 1478 3821 mun·

301 3832 436 3890 dum
459 3830 561 3887 fiat
580 3832 728 3903 quod
760 3837 844 3888 est
867 3831 1099 3901 deforis,
1130 3839 1191 3890 ut
1218 3834 1356 3891 foris
1381 3852 1480 3907 per

300 3918 475 3976 opera
490 3902 766 3959 veraciter
792 3903 1152 3961 sanctitatem
1179 3907 1480 3964 ostendere

303 3973 521 4048 possisl
556 3973 660 4041 Qui
695 3975 846 4031 enim
895 3984 1195 4049 utramque
1234 3977 1480 4035 hominis

302 4052 589 4114 naturam,
622 4044 838 4103 scilicet
889 4062 1095 4118 corpus
1140 4055 1196 4105 et
1231 4048 1479 4107 animam

304 4117 457 4185 fecit,
501 4123 806 4189 utramque
854 4118 1119 4176 mundari
1169 4120 1475 4179 desiderat.

304 4190 411 4247 Ubi
437 4190 621 4245 Beda:
653 4212 677 4239 α
703 4190 819 4246 Hoc
837 4195 1037 4249 contra
1065 4189 1212 4262 iilos,
1238 4192 1332 4265 qui
1360 4210 1480 4251 cor-

304 4259 527 4389 foralia
560 4265 809 4332 peccata,
849 4262 1281 4321 fornicationem
1318 4264 1480 4323 vide-

328 4331 459 4403 icet,
499 4332 939 4416 immunditiam,
987 4334 1301 4407 libidinem,
1356 4337 1477 4395 fru-

306 4408 451 4474 tum,
491 4420 751 4477 raplnam
801 4411 859 4464 et
896 4409 1081 4466 cetera
1121 4408 1277 4475 talia,
1318 4408 1481 4480 quasi

1564 543 1902 617 gravissima
1912 545 2293 617 detestantur;
2315 546 2636 621 spiritualia
2646 563 2738 605 ve·

1562 634 1651 686 r0,
1670 632 1798 688 quae
1811 633 1924 674 non
1935 617 2120 674 minus
2132 619 2366 676 damnat
2377 620 2585 677 Paulus
2595 622 2738 691 Apo·

1564 689 1762 758 stoluS,
1804 689 1913 745 hoc
1940 696 2029 746 est
2064 691 2526 760 amaritudinem,
2567 691 2737 759 iram,

1562 760 2041 831 indignationem,
2090 761 2420 831 clamorem,
2473 763 2738 835 blasphe-

1564 834 1761 901 miam,
1793 832 2117 905 superbiam
2165 837 2222 890 et
2264 832 2586 903 avaritiam,
2621 849 2741 904 quas

1566 909 1646 960 est
1697 905 1972 960 idolorum
2020 907 2276 975 servitus,
2315 910 2378 962 ut
2424 904 2572 962 levia
2614 920 2743 960 con-

1564 981 1829 1033 temnunt
1861 994 1874 1032 z
1911 996 1938 1029 »
1962 977 2083 1033 haec
2101 978 2269 1033 Beda.
2302 979 2412 1034 Per
2433 976 2542 1033 hoc
2566 974 2742 1032 etiam

1566 1054 1886 1120 arguuntur
1913 1046 2016 1117 illi,
2052 1048 2148 1120 qui
2180 1049 2249 1104 de
2276 1048 2594 1105 minoribus
2623 1061 2741 1103 ma-

1567 1135 1740 1193 gnam
1784 1118 1896 1175 vim
1942 1119 2178 1188 faciunt,
2210 1124 2267 1176 et
2312 1120 2384 1176 de
2428 1118 2744 1191 majoribus

1568 1207 1771 1264 parum
1810 1197 2027 1247 curant.
2080 1191 2233 1249 Sicut
2276 1190 2454 1262 aliqui
2493 1188 2746 1260 religiosi

1568 1265 1700 1335 plus
1755 1262 2074 1334 ponderant
2130 1261 2462 1319 fractionem
2514 1259 2745 1330 silentii,

1570 1335 1658 1391 vel
1682 1333 1898 1405 aliquid
1929 1333 2229 1407 ejusmodi,
2262 1349 2432 1406 quam
2464 1333 2746 1406 injustum

1571 1421 1881 1478 gravamen
1924 1405 2188 1477 proximi,
2230 1409 2316 1461 vel
2356 1405 2529 1462 aliam
2574 1403 2746 1461 etiam

1571 1479 2086 1548 transgressionem
2149 1482 2568 1559 praeceptorum
2621 1472 2742 1531 Dei.

1575 1548 1879 1606 Pharisaeis
1906 1549 2079 1606 etiam
2116 1549 2330 1606 similes
2369 1553 2498 1606 sunt
2531 1544 2745 1615 clerici,

1575 1622 1672 1695 qui
1699 1623 1842 1678 bene
1872 1624 2036 1677 tonso
2068 1623 2252 1693 capite
2281 1627 2340 1676 et
2374 1635 2507 1677 rasa
2536 1633 2747 1676 corona

1573 1694 1636 1749 in
1665 1697 1822 1750 veste
1851 1693 1980 1749 alba
2005 1698 2063 1749 et
2101 1692 2337 1762 munda,
2376 1695 2432 1748 et
2460 1690 2591 1747 lotis
2623 1705 2748 1746 ma·

1573 1765 1743 1822 nibus
1767 1764 2042 1821 accedunt
2074 1764 2147 1820 ad
2178 1766 2381 1832 altare,
2411 1763 2570 1819 intus
2594 1760 2749 1834 pleni

1576 1836 1814 1894 avaritia
1833 1845 1889 1893 et
1908 1835 2231 1905 iniquitate,
2248 1834 2487 1906 aliisque
2506 1834 2748 1890 immun-

1575 1908 1729 1966 ditiis
1754 1907 2061 1964 multifarie
2085 1925 2099 1976 ;
2132 1923 2198 1964 ac
2235 1909 2442 1979 Legem
2468 1905 2567 1962 Dei
2591 1908 2746 1976 post-

1572 1984 1870 2054 ponenteS,
1904 1984 1959 2036 et
1993 1977 2333 2036 traditiones
2364 1977 2662 2035 hominum
2689 1976 2748 2032 in

1573 2051 1946 2110 exterioribus
1975 2051 2214 2107 sollicite
2244 2049 2652 2107 custodientes.

1645 2129 1677 2180 5
1715 2124 1830 2179 Pan
1859 2139 2247 2179 Ennnuosmau
2282 2138 2588 2178 conuentu
2625 2136 2748 2196 cqu-

1572 2213 1728 2252 roms
1782 2212 2033 2255 mannans
2089 2212 2351 2251 nunnitus,
2408 2225 2476 2235 —
2532 2191 2747 2249 Deinde

1573 2267 1872 2336 Dominus,
1931 2264 2091 2337 quasi
2149 2261 2342 2322 bonus'
2390 2267 2745 2336 praeceptor,

1571 2340 1737 2396 docet
1767 2336 2010 2409 qualiter
2042 2336 2221 2394 nostri
2262 2338 2584 2408 contagium
2623 2349 2748 2390 cor-

1571 2410 1726 2484 poris
1780 2409 2056 2466 mundare
2108 2409 2437 2476 debeamuS,
2486 2406 2682 2464 dicens
2728 2424 2745 2460 ε

1579 2486 1962 2542 Verumtamen
2008 2482 2080 2538 do
2119 2481 2279 2539 vobis
2318 2478 2516 2540 salutis
2554 2476 2751 2536 consi-

1573 2555 1735 2624 lium,
1767 2554 1982 2611 scilicet
2011 2555 2158 2624 quod
2187 2558 2452 2624 superest,
2481 2552 2539 2608 id
2564 2557 2652 2608 est
2678 2550 2750 2606 de

1577 2643 1644 2684 eo
1678 2626 1829 2698 quod
1859 2631 2117 2697 superest
2143 2631 2273 2696 post
2301 2626 2545 2681 aliorum
2571 2620 2750 2679 resti-

1577 2697 1874 2764 tutionem,
1933 2697 2061 2751 date
2117 2698 2529 2764 eleemosynam,
2593 2692 2747 2765 quia,

1576 2772 1762 2842 primo
1792 2768 1961 2825 debet
1988 2766 2115 2825 fieri
2143 2766 2448 2836 restituti0,
2485 2771 2540 2823 et
2569 2765 2640 2821 de
2677 2780 2746 2821 eo

1578 2840 1731 2913 quod
1761 2845 2021 2897 remanet
2064 2840 2556 2912 eleemosynarum
2601 2835 2748 2892 elar-

1578 2911 1747 2985 giti03
1782 2912 1893 2981 vel,
1947 2911 2259 2968 secundum
2314 2911 2540 2977 Bedam,
2580 2907 2652 2963 de
2680 2922 2748 2963 eo

1579 2983 1732 3057 quod
1749 2987 2009 3054 superest
2033 2981 2204 3038 victui
2227 2985 2282 3038 et
2310 2979 2538 3037 vestitui
2560 2993 2751 3034 neces-

1576 3055 1746 3112 sario·
1762 3056 1954 3125 Neque
1976 3053 2130 3110 enim
2147 3052 2226 3108 ita
2248 3050 2504 3109 facienda
2520 3048 2752 3123 jubetur

1578 3128 1961 3196 eleemosyna,
2015 3130 2078 3181 ut
2144 3123 2388 3196 teipsum
2445 3135 2752 3180 consumas

1577 3197 1802 3268 inopia3
1836 3196 1935 3253 sed
1971 3201 2032 3253 ut
2077 3195 2160 3253 tui
2194 3210 2332 3253 cura
2372 3192 2627 3267 corporis
2656 3209 2753 3249 ex·

1578 3270 1752 3342 pleta‚
1781 3271 2006 3340 inopem
2034 3272 2312 3339 quantum
2341 3267 2495 3324 vales
2527 3271 2751 3322 susten·

1579 3346 1686 3398 tes·
1719 3343 1792 3396 Et
1830 3356 1944 3396 ecee
1975 3343 2159 3396 omnia
2182 3340 2390 3396 munda
2421 3343 2550 3395 sunt
2577 3337 2752 3401 vobis,

1580 3411 1714 3484 quia
1755 3412 2115 3484 eleemosyna
2144 3426 2410 3484 magnam
2440 3411 2610 3468 habet
2643 3409 2756 3465 vir-

1581 3489 1762 3540 tutem
1810 3484 1884 3541 ad
1925 3488 2289 3556 peccatorum
2339 3481 2755 3540 remissionem.

1583 3555 1743 3612 Unde
1772 3555 1834 3612 in
1864 3554 2097 3612 Daniele
2123 3555 2333 3612 dicitur
2365 3557 2631 3610 :Peccata
2661 3556 2758 3607 tua

1584 3628 1934 3698 eleemosynis
1956 3629 2180 3684 redime.
2209 3627 2756 3695 Vel,verumtamen,

1583 3698 1883 3756 consilium
1913 3705 1970 3755 et
2008 3697 2347 3766 remedium,
2379 3694 2531 3768 quod
2560 3708 2756 3765 super·

1585 3775 1672 3828 est
1716 3775 1775 3827 et
1810 3774 1987 3826 restat
2074 3775 2165 3826 ost
2214 3776 2376 3826 tanta
2419 3766 2654 3833 scelera,
2684 3763 2758 3820 do

1589 3842 1767 3909 vobiS,
1807 3842 1916 3896 hoc
1951 3841 2005 3894 vi
2050 3840 2213 3896 elicet
2245 3858 2259 3896 z
2291 3840 2422 3895 date
2455 3836 2760 3908 eleemosy-

1587 3928 1741 3977 nam,
1768 3910 1983 3968 scilicet
2008 3911 2287 3974 ordinate,
2319 3914 2383 3966 ut
2409 3906 2696 3979 incipiatis
2724 3922 2760 3964 a

1586 3983 1769 4040 vobis·
1808 3982 1967 4050 Quod
1986 3981 2198 4038 dictum
2223 3981 2304 4037 sic
2329 3985 2415 4037 est
2435 3977 2757 4050 intelligen-

1589 4055 1745 4118 dum,
1778 4058 1841 4110 ut
1878 4051 2036 4126 prius
2069 4053 2239 4108 homo
2272 4051 2381 4109 sibi
2410 4050 2580 4108 faciat
2616 4050 2759 4107 elee-

1589 4140 1885 4197 mosynam
1924 4124 2257 4181 mundando
2302 4140 2360 4180 se
2388 4122 2628 4179 interius
2655 4137 2759 4194 per

1588 4197 1761 4254 fidem
1792 4201 1847 4253 et
1878 4196 2251 4269 Baptismum,
2286 4211 2352 4253 ac
2380 4193 2665 4251 credendo
2695 4193 2756 4250 in

1590 4268 1874 4325 Christum
1888 4285 1904 4339 3
1932 4279 1987 4324 et
2025 4267 2230 4340 sipost
2272 4266 2620 4339 Baptismum
2657 4264 2759 4323 im-

1588 4339 1870 4397 munditia
1923 4338 2248 4397 innocentia
2302 4337 2477 4397 fuerit
2522 4338 2753 4408 madata,

1590 4411 1858 4470 emundet
1886 4410 2291 4470 conscientiam
2334 4427 2438 4487 per
2478 4410 2757 4484 poeniten-
