3146 5023
1158 350 1236 403 ET
1288 350 1729 403 NUMERORUM.

275 460 309 512 6
340 456 725 524 Quaerentium
775 454 1081 513 Dominum
1138 455 1238 511 in-
1525 473 1588 513 10
1621 458 1849 527 Septem
1877 455 2024 512 festa
2047 454 2256 512 cordis.

306 528 503 584 tentio·
528 527 775 587 diversa.
1312 532 1416 600 276
1523 550 1580 583 ιι
1617 527 1873 583 Christus
1902 531 1959 583 et
2003 526 2247 598 Spiritus
2277 526 2517 583 Sanctus

273 623 305 670 7
338 600 516 665 Quam
548 598 868 655 communis
901 597 1197 654 detractio.
1315 604 1416 671 276
1587 600 1800 654 flumen
1831 614 1992 669 aquae
2019 599 2179 655 vivae.

276 676 308 726 8
339 671 441 727 Die
480 672 625 727 festo
682 670 971 726 mediante
996 712 1010 739 ‚
1069 668 1236 727 Chri-
1524 690 1585 726 ι2
1616 669 1853 726 Ministri
1872 686 2164 726 sermones
2184 666 2407 725 Domini
2424 669 2520 724 ad-

310 746 460 798 stum
491 743 679 813 palam
705 741 1031 812 loquentem
1052 740 1236 798 Judaei
1592 741 1867 797 mirantes
1897 747 2280 808 revertuntur,
2312 740 2520 813 ipsum·

308 814 740 884 apprehendere
758 815 975 869 volunt.
1314 834 1413 886 277
1595 829 1705 884 que
1734 813 1987 869 defendit
2013 813 2373 869 NicodemuS.

275 909 307 958 9
335 887 666 952 Quaerentes
700 890 756 940 et
784 901 899 941 non
936 883 1239 941 1111311133-
1529 889 1592 940 ιὸ
1623 886 1984 942 Consuetudo
2039 882 2248 941 Christi
2308 883 2368 939 in
2414 884 2521 940 Be·

307 960 395 1014 tes
424 956 727 1015 Christum.
1300 961 1421 1029 ,278
1596 955 1854 1013 thaniam
1886 956 2226 1014 revertendi.

579 1160 805 1217 CAPUT
833 1159 1114 1217 LXXXIII.
1148 1191 1217 1199 ——
1252 1162 1329 1216 De
1359 1162 1589 1218 muliere
1615 1162 1677 1217 in
1705 1160 1980 1217 adulterio
2009 1158 2363 1229 deprehensa.

286 1370 303 1403 1
345 1347 489 1401 Dum
532 1342 806 1400 Pharisaei
856 1360 1052 1401 coram
1081 1347 1236 1404 Chri·
1601 1348 1770 1417 dicet,
1801 1348 1914 1406 tria
1946 1347 2263 1419 disquirere
2293 1348 2480 1405 debet.

313 1421 400 1473 sto
440 1415 741 1472 mulierem
773 1416 1092 1474 adulteram
1143 1435 1236 1476 ac·
1314 1450 1325 1455 -
1565 1425 1597 1476 5
1620 1420 1873 1477 Christus
1887 1420 2182 1476 mulierem
2202 1419 2520 1477 adulteram

310 1492 532 1555 cusam,
591 1486 713 1558 ipse
741 1486 801 1542 in
831 1492 985 1546 terra
1013 1489 1231 1547 scribit.
1314 1495 1416 1546 280
1602 1492 2050 1548 misericorditer
2077 1489 2333 1547 dimittit.

266 1557 616 1616 2Prudentia
631 1558 1018 1630 responsionis
1031 1560 1237 1619 Christi
1315 1567 1412 1618 281
1564 1569 1597 1620 6
1626 1565 1805 1631 Quam
1901 1561 2211 1620 ineffabilis
2295 1550 2522 1619 bonitas

272 1635 304 1686 5
335 1629 479 1698 Quid
509 1629 718 1686 iterum
748 1636 918 1701 atque
949 1631 1155 1689 iterum
1180 1632 1241 1690 in
1602 1634 1842 1692 Christi!

308 1701 789 1783 terra-scripserit
815 1702 1134 1760 Dominus?
1314 1709 1410 1762 281
1566 1729 1598 1779 7
1630 1707 1778 1773 Quid
1808 1707 2103 1764 moraliter
2132 1704 2420 1778 significat
2446 1705 2528 1763 di-

274 1778 307 1839 4
337 1773 601 1843 Quilibet,
632 1778 941 1845 antequam
970 1775 1114 1833 alios
1140 1777 1238 1850 Ju-
1589 1777 1799 1851 *missio
1821 1778 2075 1836 mulieris
2104 1778 2421 1836 adulterae?

504 1988 733 2047 CAPUT
764 1990 1040 2046 LXXXIV.
1073 2023 1141 2031 —
1168 1994 1247 2046 De
1276 1992 1611 2061 quibusdam
1638 1992 1821 2047 verbis
1843 1995 2082 2059 Domini,
2109 2009 2209 2066 pro
2237 1994 2444 2065 quibus

744 2090 749 2093 -
1007 2064 1265 2133 volebant
1314 2079 1436 2119 eum
1470 2064 1652 2120 Judaez·
1681 2065 1956 2136 lapidare.

287 2271 306 2306 1
348 2247 600 2306 Christus
652 2249 745 2305 lux
794 2254 879 2308 est
934 2249 1153 2321 mundi,
1184 2256 1241 2307 et
1561 2274 1593 2324 7
1625 2250 1771 2309 Male
1805 2249 2139 2307 affectorum
2167 2264 2304 2322 erga
2331 2250 2508 2305 Deum

315 2322 440 2376 ideo
480 2323 803 2391 sequendus
833 2327 935 2378 est.
1313 2328 1415 2390 284
1599 2324 1814 2395 gradus
1841 2322 2066 2394 triplex.

276 2413 304 2448 2
340 2391 616 2462 Cognosci
646 2391 828 2449 noluit
866 2393 1147 2462 ChristuS‚
1175 2398 1239 2449 ut
1563 2400 1597 2452 8
1628 2394 1772 2462 Quid
1841 2392 2203 2465 responderit
2269 2391 2526 2450 Christus

312 2462 764 2533 crucifigeretur.
1314 2469 1415 2522 285
1597 2469 1627 2525 J
1637 2465 1812 2524 udaeis
1829 2481 1961 2522 eum
1983 2464 2315 2522 vocantibus
2334 2466 2525 2521 Sama-

166 2537 173 2544 '
275 2540 307 2590 5
337 2534 562 2590 Veritas
614 2534 821 2590 liberat
874 2550 909 2590 a
967 2534 1241 2593 servitute
1598 2538 1852 2594 ritanum
1878 2543 1935 2594 et
1964 2537 2419 2593 daemoniacum?

272 2613 281 2620 '
310 2606 548 2676 peccati,
584 2620 698 2675 qua
728 2620 843 2685 non
873 2609 960 2660 est
987 2605 1210 2662 durior.
1314 2610 1417 2664 286
1497 2634 1504 2642 ·
1564 2634 1597 2683 9
1626 2609 1876 2665 Gloriam
1908 2624 2069 2664 suam
2118 2624 2235 2664 non
2265 2605 2527 2678 quaesivit

273 2683 307 2746 4
331 2676 517 2733 Judaei
573 2692 689 2730 non
737 2674 1037 2732 imitantes
1088 2677 1239 2734 facta
1601 2680 1899 2735 Dominus,

309 2747 577 2816 Abrahae,
607 2762 712 2803 nec
740 2746 923 2819 ipsius
951 2753 1119 2805 erant
1149 2764 1241 2804 ve·
1534 2773 1599 2807 ιο
1631 2749 1842 2806 Christi
1877 2749 2030 2806 diem
2066 2748 2355 2806 Abraham
2388 2748 2533 2805 vidit

310 2835 373 2874 re
407 2818 531 2875 filii.
1316 2824 1417 2894 287
1607 2826 1664 2878 et
1691 2822 1920 2892 gavisus
1947 2825 2053 2878 est.
2111 2819 2126 2832 ⁶

278 2893 307 2945 5
334 2889 593 2946 Christus
647 2906 745 2947 eos
805 2889 1057 2947 ostendit
1117 2906 1244 2947 esse
1540 2915 1559 2949 1
1578 2914 1597 2949 1
1634 2895 1664 2948 J
1672 2892 1820 2947 udaei
1842 2892 2144 2974 lapidihu3‚
2164 2907 2307 2963 quos
2326 2892 2538 2948 tollunt

313 2960 465 3016 filios
495 2960 732 3020 diaboli.
1318 2966 1418 3035 287
1595 2968 1658 3019 ut
1670 2963 1886 3034 jaciant
1902 2981 1961 3019 in
1979 2962 2531 3031 Christum‚simile5.

281 3037 314 3087 6
345 3030 580 3101 Signum
627 3049 694 3088 ex
732 3048 843 3104 quo
882 3032 1245 3104 cognoscitur
1538 3054 1602 3091 12
1631 3034 1777 3100 Quid
1805 3051 1909 3090 nos
1937 3035 2141 3090 doceat
2167 3034 2302 3106 fuga
2320 3039 2378 3091 et
2395 3035 2530 3092 abs·

317 3102 415 3174 qui
444 3119 511 3159 ex
539 3105 657 3170 Deo
688 3109 797 3175 est,
822 3104 913 3160 vel
940 3120 1076 3161 non.
1319 3107 1420 3161 288
1602 3107 1799 3162 consio
1836 3104 2094 3163 Christi?

647 3322 874 3382 CAPUT
905 3323 1160 3383 LXXXV.
1190 3353 1259 3368 —
1282 3327 1361 3381 De
1390 3340 1523 3382 coeco
1551 3340 1588 3381 a
1619 3324 1918 3381 nativitate
1939 3324 2280 3382 illuminatO.

283 3535 302 3569 1
339 3513 519 3569 Causa
560 3510 832 3568 caecitatis
891 3511 951 3567 in
1004 3510 1240 3568 homine
1393 3539 1405 3553 ·
1562 3517 1594 3569 5
1623 3513 1929 3570 Peccatum
1981 3511 2405 3571 Pharisaeorum
2457 3531 2524 3570 eo

309 3580 633 3639 illuminato
662 3597 778 3637 non
805 3582 909 3638 fuit
938 3591 1238 3653 peccatum
1595 3586 1783 3657 maJus
1813 3584 1967 3656 quod
1987 3585 2248 3642 videntes
2269 3600 2386 3641 non
2405 3600 2529 3641 cre-

307 3652 486 3724 ipsius
516 3656 614 3708 aut
636 3657 961 3723 parentum.
987 3653 1088 3708 sed
1117 3670 1238 3711 ma·
1597 3656 1889 3713 dicier-unt.

307 3722 601 3780 nifestatio
625 3720 824 3803 gloriae
863 3722 982 3778 Dei.
1315 3730 1417 3800 295
1560 3732 1594 3782 6
1621 3727 1723 3783 Hic
1775 3743 1956 3783 caecus
2042 3723 2281 3796 mystice
2343 3742 2526 3798 genus

278 3817 308 3853 2
336 3794 632 3862 Quomodo
652 3793 1036 3866 ipSiChristus
1053 3794 1237 3850 visum
1596 3798 1909 3854 humanum
1941 3795 2247 3868 significat.

306 3865 594 3923 contulit?
1197 3935 1208 3946 .
1316 3875 1417 3943 294
1561 3892 1592 3940 7
1617 3872 1755 3926 Tres
1857 3867 2132 3925 caecitatis
2209 3868 2526 3939 spiritualis

271 3943 304 3995 5
330 3937 613 3994 Constans
640 3935 900 3993 veritatis
916 3951 1107 4009 praeeo
1129 3936 1239 3994 suit
1598 3956 1804 4010 causae‚
1834 3942 2063 4012 triaque
2094 3940 2424 3998 necessaria
2450 3942 2523 3998 ad

308 4024 489 4066 caecus
511 4008 883 4064 illuminatus
1317 4017 1417 4085 295
1596 4011 1753 4068 illam
1779 4011 2196 4084 depellendam.

273 4086 307 4148 4
333 4078 679 4162 Recipiendo
736 4080 911 4138 fidem
970 4085 1027 4138 et
1085 4079 1242 4139 intus
1561 4087 1595 4139 8
1622 4084 1949 4143 Exhortatio
1969 4085 2042 4143 ad
2069 4086 2214 4142 bene
2235 4082 2521 4142 utendum

312 4152 671 4211 illuminatus
704 4151 829 4208 fuit.
1318 4159 1418 4228 295
1599 4158 1879 4229 tempore.

2602 346 2693 401 355
2749 380 2758 385 —

2588 459 2691 527 278

2591 603 2693 671 278

2595 833 2697 886 279

2599 959 2701 1013 280

2598 1354 2698 1405 282

2597 1496 2695 1548 282

2600 1638 2700 1690 285

2603 1781 2705 1843 284

2600 2326 2703 2395 289

2602 2542 2704 2610 289

2602 2699 2706 2752 290

2613 2841 2708 2894 291

2612 2983 2711 3036 292

2605 3127 2704 3178 292

2603 3662 2703 3730 296

2603 3819 2704 3872 297

2605 4034 2704 4086 297
