3146 5023
726 349 807 401 οε
861 302 1123 402 runnu
1180 347 1479 403 remim
1535 349 1752 403 n1v1n1
1809 348 2307 403 unumunurm.
2660 351 2754 408 239

296 453 545 512 lestium.
578 456 700 512 Non
728 468 853 511 sum
892 451 1265 510 dissensionis
1294 456 1464 524 Deus,

276 525 400 582 -sed
423 525 791 594 collectionis,
825 529 881 582 et
907 523 1086 596 pacis,
1114 528 1172 579 et
1206 523 1466 595 unitatis,

299 597 395 669 qui
419 597 547 654 veni
576 598 836 655 homines
862 595 1163 668 pacificare
1190 611 1318 652 cum
1349 598 1465 653 Deo

300 674 357 725 et
387 670 640 740 AngeliS,
671 678 729 725 et
767 673 827 724 ut
866 666 1026 723 multi
1058 683 1157 724 cor
1193 683 1371 723 unum
1413 673 1470 724 et

298 739 550 797 animam
581 757 754 797 unam
793 740 1040 795 habeant
1073 756 1086 793 ε
1124 754 1237 795 non
1273 744 1338 795 ut
1383 738 1468 795 di-

301 811 563 868 vidantur
584 827 688 884 per
717 811 958 877 diversa,
992 810 1091 866 sed
1112 815 1174 867 ut
1203 810 1471 882 colligan-

299 886 394 939 tur
413 889 469 939 et
488 885 738 940 habeant
763 881 953 938 omnia
972 882 1335 950 communia;
1362 898 1468 939 nec

298 952 371 1009 sit
424 954 630 1026 aliquis
668 970 842 1017 egens
887 957 1036 1009 inter
1065 953 1213 1021 illos,
1255 954 1354 1009 sed
1381 952 1467 1009 di-

296 1026 524 1082 vidatur
546 1024 1308 1097 singulis,prout‘‚unicuique
1328 1041 1469 1096 opus

294 1096 485 1153 fuerit.
530 1098 627 1153 llle
666 1096 761 1167 qui
801 1113 915 1152 non
963 1095 1175 1167 colligit
1221 1112 1464 1166 mecum,

298 1174 385 1224 est
430 1167 801 1225 fraternitatis
848 1167 1081 1236 divisor,
1132 1175 1187 1223 et
1236 1167 1468 1224 dissen—

298 1238 473 1295 sionis
509 1244 725 1297 auctor.
759 1238 862 1309 Ubi
899 1240 1047 1295 Beda
1088 1256 1101 1294 z
1145 1260 1173 1290 «
1203 1239 1307 1306 Qui
1346 1242 1467 1295 Ma·

299 1310 477 1381 gistro
538 1326 797 1383 supernae
853 1309 1009 1381 pacis
1058 1310 1265 1380 gaudia
1313 1327 1467 1366 com-

299 1382 591 1438 mendanti
626 1388 872 1437 terrenae
900 1380 1190 1436 divisionis
1220 1382 1342 1437 vult
1368 1381 1467 1437 in-

296 1468 498 1525 gerere
528 1451 869 1519 molestiam,
908 1451 1109 1508 merito
1157 1453 1327 1509 homo
1357 1468 1468 1508 vo—

298 1529 463 1580 catur
490 1524 801 1596 secundum
840 1522 982 1579 illud
1016 1540 1029 1579 :
1064 1524 1195 1581 Cum
1226 1528 1302 1579 sit
1324 1527 1468 1580 inter

296 1611 393 1650 vos
421 1597 572 1652 zelus
597 1602 649 1651 et
680 1598 950 1651 contentio
975 1612 989 1650 ε
1018 1611 1196 1650 nonne
1223 1597 1466 1651 homines

296 1669 474 1722 estis?
512 1687 541 1718 »
574 1665 1020 1723 UbiAmbrosius
1047 1683 1061 1721 :
1092 1685 1119 1719 «
1151 1670 1303 1723 Bene
1329 1683 1464 1738 ergo

295 1743 529 1795 terrena
568 1737 838 1807 declinat,
869 1736 964 1808 qui
1005 1742 1240 1809 propter
1277 1738 1468 1795 diviua

296 1809 691 1866 descenderat.
717 1811 830 1865 Nec
853 1808 1028 1881 Judex
1054 1809 1322 1880 dignatur
1340 1825 1465 1866 esse

294 1879 479 1938 litium
526 1886 582 1937 et
627 1880 842 1937 arbiter
896 1879 1245 1948 facultatum,
1298 1880 1467 1937 vivo-

293 1968 422 2008 rum
445 1954 661 2008 habens
683 1957 1153 2023 mortuorumque
1163 1950 1463 2023 judicium,

294 2028 353 2079 et
389 2023 689 2080 arbitrium
729 2022 1084 2079 meritorum.
1124 2026 1245 2079 Non
1283 2023 1466 2079 solum

295 2110 431 2167 ergo
471 2094 606 2165 quid
644 2099 826 2166 pctaS,
862 2094 961 2150 sed
996 2110 1029 2149 a
1069 2110 1180 2165 quo
1219 2094 1467 2163 postules

294 2164 633 2222 intuendum
682 2170 804 2233 est;
860 2180 966 2221 nec
1010 2163 1321 2237 majoribus
1371 2167 1467 2221 in-

293 2242 452 2293 tento
498 2236 711 2305 animo,
768 2241 931 2307 putes
988 2235 1302 2293 minoribus
1354 2238 1467 2293 ob-

293 2308 681 2379 strependum.
720 2309 875 2364 Unde
905 2325 1017 2364 non
1048 2307 1333 2364 immerito
1363 2325 1466 2364 re—

290 2379 505 2435 futatur
558 2378 649 2435 hic
700 2378 895 2448 frater,
956 2379 1052 2451 qui
1106 2378 1463 2451 dispensato-

290 2466 412 2506 rem
459 2449 773 2506 coelestium
821 2450 1101 2523 gestiebat
1131 2450 1466 2524 corruptibi-

290 2522 438 2579 libus
483 2510 831 2594 occupare*:
873 2543 902 2574 »
956 2524 1080 2579 haec
1115 2524 1462 2580 Ambrosius,

290 2595 400 2649 Per
440 2594 548 2650 hoc
578 2594 735 2665 quod
783 2593 1040 2650 Christus
1069 2593 1253 2650 noluit
1283 2610 1343 2650 se
1372 2594 1464 2650 in-

290 2665 613 2721 tromittere
669 2664 741 2720 de
795 2665 1072 2723 divisione
1129 2665 1464 2722 hereditatis

290 2740 552 2797 terrenae.
587 2736 842 2794 ostendit
879 2737 1030 2807 quod
1057 2738 1462 2809 praedicatores

288 2807 603 2879 Evangelii,
626 2815 684 2864 et
709 2807 1101 2879 spiritualibus
1122 2808 1321 2877 dediti,
1343 2825 1462 2865 non

287 2879 499 2935 debent
552 2895 612 2935 se
657 2879 1040 2936 intromittere
1096 2880 1166 2936 de
1218 2896 1291 2936 ne
1331 2879 1462 2936 otiis

289 2950 665 3017 secularibuS,
701 2951 773 3006 ob
824 2966 952 3022 quae
992 2950 1181 3007 minus
1235 2967 1296 3007 so
1323 2950 1461 3007 liciti

289 3020 404 3078 sint
441 3021 513 3077 de
543 3019 955 3092 spiritualibus,
993 3020 1083 3077 Sic
1121 3028 1178 3078 et
1212 3022 1462 3094 Apostoli

289 3097 349 3149 ut
394 3097 629 3165 possent
661 3107 861 3148 vacare
897 3094 1071 3149 verbo
1106 3092 1227 3162 Dei,
1268 3109 1459 3150 curam

287 3163 691 3236 temporalium
748 3179 783 3220 a
834 3180 895 3220 se
946 3165 1299 3236 abjecerunt,
1363 3165 1461 3221 di-

286 3242 480 3292 centes
511 3252 525 3291 z
562 3239 683 3292 Non
723 3239 804 3291 est
830 3253 1048 3306 aequum
1081 3252 1179 3292 nos
1213 3236 1462 3292 derelin-

286 3324 449 3378 quere
459 3307 682 3362 verbum
709 3310 828 3376 Dei,
843 3314 894 3364 et
907 3310 1225 3364 ministrare
1239 3311 1456 3365 mensz‘S.

287 3380 417 3447 Sed,
450 3379 592 3435 heul
628 3379 799 3435 hodie
826 3394 1088 3451 personae
1120 3378 1461 3436 ecclesiasti-

284 3467 366 3507 cae
412 3450 613 3508 litibus
651 3460 709 3507 et
749 3451 932 3507 causis
967 3468 1034 3507 eo
1067 3467 1245 3523 usque
1283 3468 1461 3508 occu-

284 3530 511 3593 pantur,
553 3528 618 3578 ut
648 3521 737 3580 his
767 3522 1124 3579 solummodo
1151 3539 1353 3580 vacare
1384 3525 1463 3578 vi-

284 3593 526 3649 deantur
546 3611 562 3661 ·,
581 3593 814 3649 utiliora
842 3600 1246 3665 postponentes
1276 3602 1332 3650 et
1360 3596 1459 3650 Le-

283 3680 412 3734 gem
449 3663 566 3732 Dei,
599 3664 845 3718 avaritia
866 3665 937 3719 ad
967 3667 1073 3720 hoc
1090 3664 1264 3720 tracti
1295 3669 1352 3720 et
1380 3664 1460 3720 in-

285 3733 460 3790 vitati.
495 3734 707 3799 Primo,
741 3735 968 3805 quidem
1023 3735 1213 3789 floruit
1255 3736 1459 3791 Eccle-

285 3808 371 3862 sia
421 3804 481 3861 in
535 3814 725 3876 strage
783 3808 1126 3875 Martyrum3
1187 3808 1455 3875 secundo,

285 3876 465 3933 crevit
498 3876 554 3931 in
590 3875 983 3948 persecutione
1021 3874 1453 3946 haereticorum;

284 3965 433 4004 nunc
454 3955 644 4003 autem
663 3946 1026 4019 corruptione
1048 3946 1319 4003 falsorum
1340 3947 1455 4005 fra-

282 4024 402 4076 tum
433 4020 628 4076 litibus
658 4024 714 4075 et
742 4018 1033 4075 inutilibus
1063 4035 1315 4075 crescere
1342 4037 1456 4076 non

283 4090 513 4147 desinit.
548 4091 813 4158 Quamvis
847 4107 984 4162 ergo
1012 4090 1285 4147 Dominus
1316 4097 1455 4164 pot-

284 4170 428 4232 erat,
480 4167 675 4219 tamen
717 4162 970 4219 dividere
1013 4162 1246 4219 nolebat
1283 4180 1297 4219 ε
1356 4179 1450 4232 ne,

284 4233 429 4291 sicut
452 4235 617 4291 multi
635 4234 869 4304 faciunt,
884 4233 1199 4307 spiritualia
1217 4239 1452 4306 propter

283 4305 623 4378 temporalia
650 4305 1049 4377 intermittere,
1069 4311 1126 4365 et
1158 4321 1229 4363 ne
1258 4306 1450 4364 favere

1577 452 1869 510 videretur
1920 469 2108 510 avarae
2146 453 2440 526 cupiditati
2477 456 2748 527 petentis,
2811 524 2816 529 ,

1578 527 1677 596 qui
1706 525 1778 580 ad
1805 523 2363 583 circumveniendum
2382 526 2619 584 fratrem
2640 530 2752 587 hoc

1576 597 1828 668 petebat,
1856 598 1912 651 et
1943 610 2111 666 quem
2146 612 2257 652 non
2287 604 2405 653 tam
2432 598 2546 669 jus,
2577 616 2750 672 quam

1576 683 1670 723 res
1698 669 1756 723 et
1785 682 1948 723 amor
1984 666 2234 723 habendi
2272 670 2573 739 trahebat;
2612 672 2750 743 qui-

1578 754 1685 809 que
1715 747 1941 795 terrena
1968 742 2025 793 et
2054 754 2170 794 non
2192 739 2442 796 coelestia
2471 741 2747 815 sapiebat,

1578 810 1726 866 sicut
1755 807 1989 878 terreni,
2024 811 2171 865 inter
2207 826 2345 881 quos
2376 811 2749 882 hujuscemo—

1578 881 1634 937 di
1671 882 1846 949 zelus,
1878 887 1934 937 et
1973 881 2260 937 contentio
2291 881 2624 939 dividendae>
2647 886 2746 942 he-

1578 953 1838 1009 reditatis
1864 968 1986 1008 esse
2017 952 2182 1008 solet.

1649 1045 1676 1080 2
1708 1025 2005 1081 CAvnivnuu
2035 1041 2201 1079 noem·
2219 1040 2287 1078 AB
2312 1040 2442 1080 omv1
2471 1042 2746 1082 AVARrrxA.

1579 1127 1647 1137 —
1669 1096 1850 1165 Unde,
1881 1100 2018 1151 etex
2045 1096 2152 1151 hoc
2181 1105 2597 1167 consequenter
2625 1115 2752 1155 ava-

1577 1166 1766 1224 ritiam
1799 1183 1924 1237 quae
1955 1183 1989 1223 a
2027 1168 2142 1223 Deo
2168 1172 2413 1237 separat,
2434 1168 2624 1225 statim
2654 1186 2750 1226 re-

1577 1238 1899 1310 prehendit,
1918 1244 1976 1294 et
2024 1254 2224 1295 cavere
2275 1238 2485 1308 docuit,
2513 1239 2751 1310 loquens

1577 1317 1695 1366 tam
1725 1310 1798 1367 ad
1841 1310 2038 1366 turbas
2073 1324 2243 1381 quam
2283 1309 2355 1365 ad
2409 1310 2749 1383 discipulos:

1578 1381 1714 1452 quia
1773 1380 2012 1438 avaritia
2068 1396 2368 1438 commune
2422 1381 2619 1439 vitium
2666 1387 2753 1440 est

1577 1457 1695 1509 tam
1734 1452 2068 1509 clericorum
2090 1468 2258 1524 quam
2288 1451 2564 1510 laicorum
2589 1470 2602 1522 ;
2630 1459 2750 1511 tam

1576 1523 1993 1597 religiosorum,
2026 1540 2197 1595 quam
2223 1523 2600 1593 secularium3
2632 1530 2750 1582 tam

1580 1595 1886 1664 minorum,
1927 1610 2099 1666 quam
2152 1595 2432 1667 majorum
2474 1618 2488 1653 :
2540 1596 2750 1654 etenim

1579 1683 1780 1723 omnes
1821 1666 2073 1723 avaritiae
2115 1667 2360 1723 student.
2415 1668 2574 1725 Unde
2627 1684 2749 1739 eos,

1580 1738 1886 1795 secundum
1935 1739 2174 1807 Bedam,
2223 1737 2523 1795 occasione
2580 1740 2751 1812 hujus

1580 1808 1734 1866 stulti
1761 1808 2019 1881 petitoris
2049 1810 2320 1866 adversus
2358 1809 2611 1867 avaritiae
2639 1827 2752 1884 pe-

1580 1885 1746 1950 stem,
1762 1897 1889 1952 quae
1906 1880 2064 1937 radix
2081 1880 2332 1937 omnium
2349 1882 2627 1939 malorum
2645 1887 2753 1952 est,

1579 1955 1881 2025 praeceptis
1903 1956 2119 2024 pariter
2142 1958 2202 2009 et
2230 1953 2500 2025 exemplis
2530 1953 2754 2011 munire

1580 2024 1808 2095 satagit.
1851 2027 2119 2095 Dioeitque
2147 2040 2284 2095 ergo
2314 2026 2389 2079 ad
2420 2027 2549 2080 illos
2584 2044 2597 2082 :
2644 2028 2752 2084 Vi-

1579 2097 1719 2160 dete,
1752 2100 1803 2150 et
1838 2101 2022 2151 cavete
2048 2095 2118 2150 ab
2153 2098 2337 2150 omnia
2368 2098 2598 2166 varitia,
2630 2095 2752 2152 sci-

1580 2166 1710 2224 licet
1759 2171 1876 2222 tam
1939 2165 2197 2222 interiori
2287 2182 2414 2222 uam
2462 2166 2750 2237 exteriori,

1580 2254 1705 2310 quae
1736 2236 1996 2293 consistit
2026 2237 2082 2292 in
2125 2235 2252 2308 cupi
2296 2253 2330 2293 a
2380 2237 2750 2307 requisitione

1579 2308 1981 2381 temporalium
2011 2350 2025 2375 ,
2075 2312 2130 2364 et
2185 2308 2369 2364 tenaci
2429 2308 2751 2367 retentione

1580 2396 1797 2436 eorum.
1828 2380 1987 2436 Unde
2018 2379 2171 2435 idem
2200 2381 2348 2435 Beda
2378 2397 2392 2435 ε
2428 2401 2457 2431 «
2487 2379 2631 2435 Dicit
2655 2397 2752 2438 au·

1578 2456 1713 2520 tem,
1742 2452 1813 2508 ab
1839 2450 1992 2507 omni
2024 2450 2282 2522 avaritia,
2316 2450 2449 2524 quia
2477 2453 2752 2508 nonnulla

1578 2523 1910 2595 simpliciter
1938 2525 2010 2582 ab
2039 2523 2366 2581 hominibus
2394 2524 2516 2596 geri
2548 2524 2748 2581 viden-

1576 2599 1706 2664 tur3
1737 2595 1837 2651 sed
1870 2595 2132 2652 internus
2169 2594 2385 2651 arbiter
2414 2611 2527 2665 qua
2560 2596 2749 2653 inten-

1575 2665 1730 2722 tione
1768 2666 1931 2735 fiant,
1967 2665 2101 2737 quia
2139 2665 2339 2735 cernit,
2380 2665 2674 2737 dijudicat.
2717 2686 2746 2722 »

1575 2737 1697 2807 Vel,
1720 2737 2035 2794 secundum
2058 2739 2345 2808 cyrillum,
2366 2736 2503 2794 dicit
2526 2738 2598 2794 ab
2624 2753 2748 2795 om-

1573 2808 1655 2879 ni,
1689 2808 1902 2865 scilicet
1926 2824 2132 2880 magna
2149 2814 2205 2865 et
2225 2823 2400 2880 parva
2426 2831 2438 2866 ε
2468 2809 2611 2876 Quia
2638 2825 2749 2866 non

1573 2883 1635 2936 in
1674 2881 2023 2937 abundantia
2055 2880 2384 2937 divitiarum
2413 2881 2744 2951 cujusquam

1571 2955 1693 3007 vita
1730 2951 1849 3022 ejus
1885 2956 1986 3020 est,
2035 2951 2250 3007 scilicet
2291 2950 2617 3023 spiritualis,
2642 2967 2747 3024 per

1573 3037 1748 3095 quam
1793 3021 2157 3094 conjungitur
2200 3025 2339 3090 De0,
2370 3021 2504 3093 quia
2546 3038 2654 3078 non
2683 3025 2746 3080 in

1572 3096 1688 3150 solo
1763 3110 1865 3149 ane
1888 3097 2030 3149 vivit
2059 3096 2235 3162 homo,
2268 3108 2373 3149 nec
2404 3092 2576 3149 etiam
2615 3108 2742 3150 cor-

1570 3181 1714 3238 pora
1736 3165 1805 3234 is,
1833 3166 1967 3236 quia
1997 3163 2329 3237 temporalis
2358 3163 2475 3221 vita
2513 3163 2739 3222 divitia·

1570 3253 1699 3294 rum
1765 3236 2128 3293 multitudine
2184 3252 2300 3292 non
2399 3235 2741 3309 rotenditur,

1572 3308 1673 3365 sed
1690 3307 1803 3364 imo
1829 3309 2159 3380 frequenter
2179 3325 2246 3365 ex
2261 3307 2350 3365 sol
2377 3308 2742 3367 icitudinibus

1572 3379 1912 3441 animarum.
1943 3385 1998 3436 et
2028 3379 2244 3437 deliciis
2274 3396 2599 3451 corporum,
2632 3379 2742 3438 mi-

1572 3451 1785 3507 nuitur.
1827 3451 1954 3508 Vita
1983 3451 2232 3509 hominis
2258 3452 2590 3524 temporalis
2622 3468 2740 3509 non

1571 3523 1829 3579 consistit
1865 3522 1925 3579 in
1965 3524 2314 3581 abundantia
2348 3541 2560 3593 rerum,
2608 3523 2742 3594 quia

1571 3594 1918 3666 quandoque
1960 3596 2087 3667 plus
2137 3595 2410 3652 minuitur
2449 3600 2507 3650 et
2534 3595 2739 3650 abbre-

1570 3665 1756 3721 viatur
1784 3666 1842 3721 in
1891 3666 2283 3738 prosperitate,
2320 3680 2491 3737 quam
2538 3663 2600 3719 in
2645 3664 2742 3719 ad·

1570 3736 1860 3793 versitate.
1891 3737 2019 3794 Vita
2048 3741 2218 3793 etiam
2259 3734 2571 3808 spiritualis
2616 3750 2735 3790 non

1570 3807 1829 3863 consistit
1868 3807 1925 3862 in
1954 3807 2447 3876 abundantia,imo
2479 3808 2741 3876 frequen·

1570 3883 1659 3935 ter
1692 3877 2063 3949 periclitatur.
2090 3880 2248 3935 Unde
2286 3890 2318 3932 1„
2331 3881 2734 3945 hrysostomus:

1576 3973 1597 4000 ι
1650 3951 1843 4020 Neque
1900 3949 2052 4005 enim
2106 3949 2310 4005 animae
2342 3946 2468 4017 soli,
2503 3950 2601 4003 sed
2629 3946 2737 4019 ipsi

1567 4019 1792 4092 corpori
1820 4027 1948 4077 sunt
1971 4020 2186 4076 nocivae
2210 4018 2459 4075 deliciae:
2494 4034 2560 4074 eo
2588 4018 2738 4089 quod

1566 4108 1633 4148 ex
1660 4091 1791 4147 sorti
1822 4092 1885 4147 fit
1920 4091 2128 4161 debile,
2160 4096 2216 4147 et
2254 4108 2319 4147 ex
2349 4106 2490 4147 sano
2517 4088 2741 4161 aegroti-

1563 4179 1719 4232 vum,
1751 4178 1816 4219 ex
1842 4162 1974 4245 agili
2009 4179 2202 4234 grave,
2232 4178 2298 4219 ex
2339 4163 2587 4218 formoso
2639 4161 2738 4217 de-

1562 4234 1767 4304 forme,
1792 4251 1858 4292 ex
1877 4249 2089 4308 Juvene
2114 4238 2498 4291 veternosum.
2520 4252 2549 4287 »
2579 4232 2737 4290 Unde

1564 4311 1622 4363 et
1649 4307 1852 4365 Seneca
1884 4323 1898 4363 ι
1936 4328 1957 4358 ι
2004 4307 2198 4365 Potest
2218 4311 2416 4364 nostra
2435 4303 2738 4378 providen-
