3146 5023
452 400 543 457 ¹⁶14
1157 394 1377 449 PRIHAE
1428 391 1667 446 unns
1717 391 1927 446 CAPUT
1983 394 2222 457 vallll

453 509 674 567 derant.
699 508 847 565 Sunt
868 504 1021 562 enim
1046 502 1229 572 multi,
1247 503 1316 557 et
1333 498 1631 572 potissime
1741 488 1978 559 honoris
2016 514 2226 556 nomen
2261 514 2379 555 non
2404 497 2633 556 virtutis
2663 504 2917 559 tenetur.

453 574 728 652 religIosi,

453 655 578 710 tere
620 650 766 707 simu
789 652 918 714 ant;
962 646 1065 703 sed
1113 659 1244 700 cum
1285 642 1629 712 offeruntur,

453 723 718 781 manibus
741 725 798 776 et
823 716 1063 791 pedibus
1093 713 1503 788 promptissimi
1532 729 1631 770 oc·

839 579 857 632 i
887 574 1194 647 dignitates
1222 588 1285 629 se
1314 587 1429 627 non
1461 586 1635 642 appe-
1744 570 1904 626 Unde
1942 570 2094 627 idem
2123 571 2439 627 Ber-nardus
2469 589 2489 626 ε
2524 590 2554 624 α
2585 571 2850 630 Curritur
2882 589 2921 632 a

1743 641 1896 697 clero
1920 644 2132 713 passim
2151 643 2223 699 ab
2244 643 2401 698 omni
2424 645 2591 698 aetate
2617 649 2674 699 et
2692 644 2918 715 ordine,

1743 728 1779 769 a
1806 712 1986 770 doctis
2009 713 2226 786 pariter
2249 721 2310 770 et
2335 712 2602 784 indoctis,
2632 715 2706 771 ad
2736 716 2921 773 eccle-

454 796 709 860 currunt,
761 794 819 846 et
868 788 983 845 laeti
1037 784 1373 857 suscipiunt,
1411 785 1528 840 imo
1573 786 1635 841 et
1743 783 1997 841 siasticas
2042 801 2231 853 curas,
2271 790 2562 857 tamquam
2608 786 2730 843 sine
2754 784 2921 845 'curis

529 863 793 932 andoque
815 858 1134 916 voluntarie
1162 861 1343 914 semet
1361 856 1633 913 offerunt.

492 937 596 990 unt
618 932 788 988 etiam
815 947 880 988 ex
905 930 995 986 his
1025 928 1223 1000 aliqui,
1246 926 1423 999 quiin
1449 925 1635 997 digni-

447 1004 661 1062 tatibus
685 1002 854 1075 positi
880 1002 1108 1072 fingunt
1134 1016 1196 1056 se
1214 999 1361 1056 velle
1384 1014 1487 1054 eas
1507 1013 1629 1054 non

446 1075 690 1143 habere;
737 1074 838 1130 sed
882 1071 1255 1129 nihilominus
1300 1085 1406 1141 per
1442 1084 1526 1151 se,
1569 1072 1631 1125 et

448 1147 795 1206 mediatores
868 1147 1141 1201 rocurant
1204 1146 1263 1199 et
1299 1154 1630 1197 occasiones

448 1233 644 1291 quaeru
653 1221 718 1273 nt
735 1160 996 1284 sollicite,
1008 1185 1161 1286 quod
1236 1212 1396 1296 ‚ssint-
1410 1212 1470 1267 in
1486 1210 1629 1294 ipsis

447 1288 652 1346 officiis
680 1303 995 1344 remanere.
1018 1289 1143 1369 N.⁰¹¹
1171 1230 1276 1342 ffit
1300 1284 1627 1366 hujusmodi

447 1359 734 1417 simulatio
777 1364 835 1415 et
870 1358 1025 1414 fictio
1059 1374 1117 1414 in
1154 1359 1416 1423 Domino,
1456 1358 1629 1435 prout

444 1436 603 1505 patet
635 1448 701 1487 ex
730 1432 855 1504 ejus
887 1431 1057 1487 sacto.
1089 1427 1239 1485 Misit
1274 1425 1426 1483 enim
1454 1426 1629 1481 discl-

443 1503 610 1585 pulos
639 1518 748 1585 per
784 1518 964 1570 mare,
990 1516 1095 1557 nec
1132 1515 1261 1582 cum
1299 1500 1384 1555 eis
1417 1511 1623 1579 nayem

445 1579 699 1643 intravit,
727 1590 798 1630 ne
825 1575 1011 1630 turbae
1040 1587 1170 1629 eum
1199 1574 1350 1627 inter
1379 1570 1627 1639 discipu-

447 1645 534 1702 los
572 1651 925 1717 quaererent3
967 1647 1025 1699 et
1060 1641 1287 1708 deinde,
1327 1639 1467 1711 ipsis
1507 1654 1624 1695 non

446 1716 894 1784 advertentibus,
918 1715 1068 1770 solus
1094 1717 1154 1768 in
1179 1717 1411 1767 montem
1440 1726 1623 1766 ascen·
1661 1772 1673 1785 ο

444 1788 550 1851 dit,
583 1792 640 1843 et
672 1789 753 1843 sie
785 1801 988 1842 manus
1016 1798 1215 1841 eorum
1246 1782 1444 1839 evasit.
1477 1781 1620 1839 Vide

444 1873 575 1914 cum
654 1863 832 1913 uanto
870 1855 1060 1913 studio
1096 1858 1154 1911 et
1191 1855 1410 1910 cautela
1448 1853 1616 1923 fugit,

442 1933 497 1984 et
517 1929 619 1983 dec
646 1929 822 1983 inavit
845 1928 1144 1983 bonorem.
1168 1924 1498 1996 Exemplum
1527 1924 1624 1980 de-

440 1998 523 2055 dit
553 1999 740 2068 nobis‚
762 2002 826 2054 ut
852 2003 909 2055 et
937 2013 1044 2054 nos
1065 1997 1144 2054 ita
1175 1998 1467 2053 faciamus.
1495 1997 1620 2051 Non

438 2069 591 2127 enim
611 2086 719 2198 gro
748 2087 832 2139 se,
860 2070 962 2127 sed
985 2085 1089 2142 pro
1110 2068 1274 2125 nobis
1292 2068 1454 2150 fugit.
1481 2067 1624 2138 Cog-

437 2156 608 2199 nosce
649 2147 709 2198 at
759 2157 1006 2213 namque
1051 2145 1278 2212 quantae
1315 2145 1406 2221 ‘sit
1437 2142 1619 2194 teme-

437 2213 646 2281 ritatis,
695 2212 744 2270 si
791 2215 865 2271 ad
912 2214 1162 2269 honores
1208 2225 1613 2283 aspiceremus,

438 2285 631 2357 Honor
659 2284 809 2340 enim
831 2286 901 2340 de
925 2282 1237 2354 majoribus
1263 2286 1348 2337 est
1371 2280 1615 2350 laqueiS‚

437 2360 493 2410 et
520 2355 876 2426 gravioribus
900 2353 1247 2424 ponderibus
1276 2351 1348 2407 ad
1379 2352 1616 2406 subver-

433 2423 652 2481 sionem
673 2427 1019 2490 animarum,
1039 2422 1155 2478 sive
1177 2422 1252 2478 sit
1267 2424 1451 2476 honor
1471 2437 1617 2493 prae-

431 2493 683 2564 lationiS,
718 2493 835 2550 sive
865 2492 1158 2567 potentiae,
1188 2492 1304 2550 sive
1337 2492 1611 2565 scientiae,

432 2564 550 2625 sive
580 2565 871 2624 similium.
912 2565 1015 2622 Vix
1056 2565 1212 2622 enim
1240 2565 1367 2622 fieri
1400 2571 1610 2637 potest,

435 2638 612 2710 quod,
666 2638 761 2710 qui
807 2637 868 2694 in
915 2638 1135 2694 honore
1157 2638 1510 2708 delectatur,
1550 2638 1613 2694 in

431 2709 687 2782 perIculo
722 2709 811 2766 vel
851 2710 1163 2782 praecipitio
1201 2725 1312 2765 non
1358 2709 1458 2777 sit;
1499 2709 1611 2779 vel,

431 2781 585 2851 quod
614 2786 702 2836 est
737 2782 920 2862 pejus,
949 2782 1070 2862 jam
1103 2780 1418 2852 praecipitio
1451 2780 1612 2837 colli-

432 2863 546 2911 sus,
587 2851 835 2908 Ambitio
875 2867 1026 2908 enim
1066 2857 1152 2908 est
1188 2851 1390 2926 vitium
1429 2851 1611 2922 pessi·

431 2936 610 2993 mum,
660 2939 727 2980 ac
775 2939 947 2980 causa
993 2928 1049 2980 et
1094 2922 1258 2980 radix
1302 2924 1614 2980 multorum

432 2995 676 3054 aliorum
699 2995 987 3053 vitiorum.
1018 2996 1225 3052 Multos
1249 2995 1459 3068 quippe
1486 2997 1612 3052 haec

431 3067 624 3139 passio
658 3068 738 3124 sic
777 3072 1038 3135 excaecat,
1074 3071 1140 3125 ut
1174 3067 1348 3124 etiam
1387 3083 1455 3124 ea
1483 3083 1613 3137 quae

430 3139 627 3195 multis
663 3139 793 3195 aliis
831 3140 1134 3196 manifesta
1177 3143 1310 3195 sunt
1347 3138 1455 3210 ipsi
1491 3154 1611 3195 non

430 3208 696 3275 videant3
728 3209 808 3264 sic
851 3226 924 3266 ue
948 3209 1009 3264 in
1032 3209 1254 3266 foveam
1274 3208 1477 3281 primae
1495 3209 1611 3266 cul-

427 3289 540 3356 pae,
588 3281 645 3332 et
681 3277 815 3333 dein
858 3296 889 3335 e
932 3280 1211 3350 gehennae
1261 3280 1487 3337 cadant.
1542 3282 1611 3337 Et

428 3345 566 3426 quid
581 3348 815 3417 prodest
837 3349 942 3419 eiS,
959 3350 1009 3405 si
1024 3351 1299 3407 mundum
1315 3350 1612 3407 lucrentur

425 3430 757 3497 umversum
786 3418 1006 3487 seipsos
1032 3426 1223 3477 autem
1253 3422 1516 3490 perdant,
1546 3423 1609 3478 et

427 3486 837 3545 detrimentum
889 3489 980 3545 sui
1033 3491 1286 3547 faciant?
1340 3491 1400 3547 Si
1456 3491 1604 3549 forte

422 3557 797 3616 blandiuntur
829 3558 937 3617 sibi
968 3559 1144 3630 aliqui
1173 3559 1464 3616 ambitiosi
1489 3563 1598 3619 sub

424 3629 614 3713 specie
637 3629 780 3687 lucri
808 3630 1148 3700 animarum,
1179 3632 1341 3701 quasi
1375 3630 1459 3687 sic
1485 3647 1604 3690 me-

423 3700 533 3759 hus
557 3706 787 3774 possent
813 3702 1107 3759 intendere
1140 3702 1310 3759 saluti
1332 3702 1597 3762 aliorum.

423 3772 642 3842 Quibus
666 3774 980 3830 Bernardus
1003 3774 1333 3845 respondet,
1359 3774 1555 3832 dicens
1582 3793 1598 3832 ι

426 3863 458 3898 α
489 3845 715 3901 Utinam
755 3844 881 3917 quis
922 3845 1007 3903 uis
1045 3845 1127 3902 sic
1163 3844 1360 3914 intrat,
1395 3845 1445 3902 si
1473 3847 1604 3905 fieri

501 3922 767 3985 sset‚tam
782 3916 896 3973 fide
918 3917 1032 3974 iter
1040 3916 1408 3984 ministraret,
1426 3933 1602 3988 quam

470 3988 769 4045 ducialiter
815 4005 876 4046 se
927 3988 1192 4062 ingessitl
1245 3991 1318 4045 At
1366 3987 1600 4048 difficile

422 4057 682 4115 fortassis
738 4063 795 4115 et
844 4059 1195 4133 impossibile
1248 4066 1356 4131 est,
1416 4064 1479 4117 ut
1533 4078 1602 4119 ex

423 4142 624 4187 amara
657 4130 849 4188 radice
886 4131 1214 4191 ambitionis
1251 4131 1443 4189 suavis
1477 4132 1598 4190 fru-

423 4204 549 4258 ctus
591 4202 832 4273 prodeat
872 4203 1145 4262 caritatis.
1187 4224 1222 4256 ιι
1270 4204 1405 4274 Sed,
1453 4203 1594 4261 heu!

423 4271 804 4329 communiter
819 4273 991 4331 hodie
1009 4276 1198 4332 honor
1213 4278 1273 4332 et
1289 4291 1407 4332 non
1423 4290 1598 4347 onus,
1640 4341 1645 4346 .

421 4339 609 4414 gloria
657 4346 719 4399 et
760 4358 880 4400 non
912 4358 1090 4416 poena
1123 4345 1441 4403 attenditur
1478 4362 1498 4404 z
1532 4351 1597 4404 et

1736 856 1860 927 jam
1889 858 2128 928 quisque
2149 857 2407 913 victurus
2434 856 2528 925 sit,
2559 873 2691 914 cum
2718 859 2792 914 ad
2821 874 2923 916 cu·

1741 941 1838 982 ras
1865 928 2208 998 pervenerit.
2239 928 2401 984 Multi
2430 944 2548 984 non
2576 933 2735 985 tanta
2764 928 2914 987 fidu-

1742 999 1831 1054 cia
1852 1006 1911 1055 et
1924 999 2216 1056 alacritate
2238 1003 2533 1057 currerent
2549 1001 2623 1057 ad
2640 1001 2796 1057 hono

1739 1068 1790 1125 si
1837 1086 1963 1127 esse
2007 1071 2284 1127 sentirent
2315 1076 2376 1127 et
2423 1085 2620 1128 onera.
2677 1073 2793 1129 Gra

1778 1142 1992 1199 rofecto
2037 1145 2377 1213 metuerent,
2426 1158 2533 1199 nec
2576 1159 2704 1199 cum
2748 1148 2913 1202 tanto

1758 1214 1933 1270 abore
1971 1220 2029 1270 et
2135 1213 2312 1270 riculo
2352 1214 2735 1285 quarumlibet
2771 1215 2917 1271 affe-

1737 1288 1959 1342 ctarent
1984 1229 2197 1342 inlffias
2215 1285 2574 1356 dignitatum.
2595 1288 2639 1343 N
2648 1302 2753 1343 unc
2781 1301 2919 1345 vero

1737 1355 1872 1427 quia
1900 1356 2023 1413 sola
2046 1357 2360 1414 attenditur
2377 1357 2558 1440 gloria
2578 1363 2636 1414 et
2661 1374 2777 1413 non
2800 1373 2917 1430 poe-

1735 1443 1832 1498 na,
1862 1444 2069 1499 purum
2106 1445 2233 1486 esse
2266 1428 2532 1485 clericum
2560 1430 2916 1487 erubescitur

1736 1498 1796 1554 in
1833 1501 2111 1570 Ecclesia3
2151 1516 2326 1572 seque
2358 1499 2500 1557 viles
2535 1503 2821 1557 aestimant
2857 1502 2916 1556 et

1733 1570 2033 1697 inglorios,
2064 1573 2161 1642 qui
2189 1588 2430 1642 quocum
2476 1589 2546 1628 ue
2569 1572 2914 1629 eminentio-

1732 1641 1782 1697 ri
1834 1659 1936 1698 oco
1966 1658 2079 1698 non
2108 1643 2318 1698 fuerint
2347 1644 2453 1698 sub
2477 1643 2656 1699 imati.
2690 1664 2721 1694 ω
2752 1643 2911 1699 Idem

1731 1712 1902 1783 etiam
1932 1714 2262 1775 Ber-nardus,
2283 1711 2449 1782 quasi
2470 1714 2908 1785 subsannando,

1720 1783 2038 1852 <alloquitur
2084 1781 2464 1849 ambitiosum,
2518 1784 2598 1838 sic
2644 1783 2844 1840 dicens
2887 1802 2910 1840 ε

1732 1876 1762 1906 «
1794 1856 1915 1924 Age
1939 1868 2097 1924 ergo,
2129 1851 2398 1923 quoniam
2427 1854 2789 1909 durissimum
2802 1854 2914 1922 ju-

1729 1926 1936 1981 dicium
1965 1927 2054 1980 his
2082 1927 2181 1995 qui
2203 1929 2453 1995 praesunt
2478 1924 2599 1994 fiet,
2631 1929 2692 1980 et
2716 1930 2914 1996 poten-

1729 2002 1809 2053 tes
1917 2001 2091 2052 tenter
2134 2000 2402 2052 tormenta
2443 1999 2761 2069 patientur!
2799 1999 2908 2054 As·

1731 2085 1837 2125 cen
1883 2071 1924 2123 it
1957 2067 2223 2140 superbia
2255 2071 2357 2123 tua
2386 2082 2633 2138 semper,
2662 2082 2909 2137 sequere

1728 2155 1926 2211 regem
1962 2146 2145 2207 tuum,
2185 2154 2354 2195 omne
2391 2139 2633 2195 sublime
2674 2139 2906 2211 videant

1728 2211 1874 2267 oculi
1895 2213 1977 2267 tui
1993 2229 2007 2280 3
2026 2211 2236 2267 festina
2251 2210 2628 2282 multiplicare
2648 2212 2906 2281 praeben·

1724 2283 1850 2351 das,
1878 2283 1937 2337 In
1967 2282 2489 2351 archidiaconatum
2517 2283 2665 2350 vola,
2694 2282 2905 2338 deinde

1724 2352 1881 2424 spira
1910 2353 1984 2408 ad
2005 2353 2416 2424 episcopatum,
2441 2369 2549 2409 nec
2572 2353 2649 2409 ibi
2672 2354 2902 2424 quidem

1725 2423 1979 2495 requiem
2015 2421 2333 2492 habituruS‚
2364 2426 2635 2495 quoniam
2670 2426 2751 2480 sic
2788 2423 2906 2480 itur

1722 2495 1797 2553 ad
1835 2500 2008 2553 astra.
2042 2497 2162 2563 Quo
2198 2496 2581 2568 progrederiS‚
2617 2513 2650 2553 o
2688 2494 2906 2553 miser?

1721 2569 1829 2638 An,
1858 2574 1921 2624 ut
1950 2570 2023 2625 ab
2053 2567 2241 2624 altiori
2268 2568 2449 2640 gradu
2481 2568 2554 2624 sit
2583 2584 2746 2625 casus
2770 2585 2904 2641 gra-

1721 2640 1885 2696 vior?
1912 2642 2103 2712 Neque
2139 2638 2292 2696 enim
2326 2642 2408 2696 sic
2437 2639 2709 2711 paulatim
2739 2641 2896 2697 deci-

1721 2712 1852 2779 des;
1876 2712 1999 2781 sed,
2019 2715 2312 2782 tamquam
2330 2710 2542 2784 fulgur,
2563 2710 2775 2782 impetu
2798 2728 2897 2768 ve·

1722 2782 1997 2851 hementi‚
2040 2784 2206 2853 quasi
2252 2782 2399 2838 alter
2436 2784 2672 2839 Satanas
2709 2782 2898 2841 subito

1722 2854 2008 2925 dejicieris
2040 2870 2054 2908 z
2087 2874 2117 2904 »
2145 2854 2268 2909 haec
2291 2856 2627 2910 Bernartius,
2656 2854 2814 2909 Unde
2839 2858 2899 2911 et

1720 2928 2085 2996 Hieronymus
2135 2937 2150 2980 t
2203 2946 2233 2978 «
2270 2925 2554 2982 Laetamur
2591 2926 2660 2981 ad
2696 2941 2897 2981 ascen-

1723 3006 1873 3067 sum,
1897 3001 2199 3054 timeamus
2228 2998 2475 3068 lapsum;
2497 3013 2612 3052 non
2638 3002 2723 3053 est
2751 2996 2897 3054 tanti

1720 3069 1916 3140 gaudii
1945 3069 2163 3126 excelsa
2190 3068 2460 3137 tenuisse,
2495 3068 2692 3139 quanti
2718 3073 2900 3125 terro-

1720 3141 1798 3197 ris
1827 3142 1897 3197 de
1930 3138 2165 3197 excelsis
2195 3140 2465 3195 cecidisse
2495 3155 2509 3194 :
2541 3158 2572 3188 2>
2600 3140 2724 3193 haec
2761 3142 2900 3195 Hie·

1717 3228 1997 3281 ronymus.
2039 3212 2256 3265 Timeat
2287 3224 2423 3277 ergo
2461 3207 2795 3287 ambitiosus
2832 3215 2898 3266 et

1715 3277 2898 3429 {3.⁰3{‘;{³{411?3.3¹}25¹.120513}222⁶533&

1713 3422 1866 3494 apud
1884 3423 2066 3478 Deum
2085 3418 2433 3488 humilietur,
2454 3424 2510 3476 et
2525 3434 2585 3474 1n
2606 3423 2892 3481 aeternum

1711 3492 1862 3548 veris
1898 3496 2097 3563 pereat
2128 3489 2442 3546 tormentis.
2475 3492 2695 3559 Quanto
2733 3493 2892 3550 enim

1713 3564 1917 3635 majori
1938 3564 2156 3619 honore
2177 3562 2515 3619 sublimatus
2574 3562 2664 3620 uis
2685 3563 2887 3633 fuerit;

1710 3638 1870 3691 tanto
1917 3634 2150 3705 majoris
2206 3634 2428 3690 virtutis
2483 3636 2552 3691 de
2594 3634 2705 3690 itor
2751 3634 2884 3704 erit,

1711 3711 1809 3762 aut
1845 3705 2051 3778 majori
2088 3705 2364 3777 supplicio
2398 3706 2729 3777 subjacebit.
2772 3709 2888 3762 Ho-

1709 3794 1878 3834 nores
1907 3778 2060 3834 enim
2087 3782 2219 3833 sunt
2247 3774 2411 3849 quasi
2441 3778 2699 3848 quaedam
2730 3776 2887 3849 ligna

1710 3849 1783 3905 ad
1821 3849 2309 3921 augmentandum
2345 3848 2538 3920 ignem
2586 3850 2645 3904 in
2694 3848 2886 3906 futura

1710 3936 1897 3992 poena.
1926 3921 2087 3978 Unde
2108 3922 2555 3991 chrysostomus:
2586 3939 2614 3973 «
2642 3918 2885 3977 Honoris

1707 3991 1987 4063 siquidem
2004 3992 2336 4065 magnitudo
2349 3991 2461 4059 his,
2475 3990 2696 4062 quinon
2711 3988 2884 4062 digne

1707 4061 1903 4119 vivunt
1926 4063 1988 4119 in
2008 4066 2246 4133 honore,
2263 4060 2731 4133 cumulus’incipit
2750 4076 2874 4119 esse

1707 4149 2008 4206 poenarum
2049 4152 2064 4191 z
2108 4155 2139 4187 »
2179 4136 2301 4191 haec
2343 4135 2772 4203 chrysostomus.
2811 4133 2882 4189 Et

1707 4212 1842 4263 tunc
1873 4205 2208 4263 ambitiosus
2244 4203 2458 4261 nullam
2486 4203 2742 4275 requiem
2770 4204 2876 4261 ha-

1704 4276 1890 4346 bebit3
1933 4276 2078 4334 sicut
2115 4292 2220 4333 nec
2257 4274 2319 4331 in
2358 4278 2629 4348 praesenti
2648 4276 2880 4341 ,habere

1703 4347 1903 4405 voluit.
1932 4348 2045 4405 Cor
2062 4346 2217 4405 enim
2245 4346 2535 4405 ambitiosi
2566 4359 2881 4420 numquam
