3146 5023
317 381 377 436 42
1094 384 1316 438 PRIMAE
1369 383 1614 439 PARTIS
1669 383 1876 437 CAPUT
1929 383 1993 435 1.1

320 504 395 543 no
426 486 579 544 cultu
604 492 662 543 et
691 486 973 557 doctrina,
1013 488 1432 557 provideantur
1462 504 1499 545 a

323 559 732 614 communitate
757 559 818 615 in
853 558 1263 628 temporalibus
1302 575 1501 616 neces-

321 630 494 685 saria.
538 630 663 685 Non
706 645 842 701 ergo
888 631 1176 700 probibuit
1225 632 1308 687 eis
1351 630 1502 687 ferre

322 701 642 756 necessaria
691 702 765 757 ad
818 702 1283 758 sustentationem
1331 703 1502 774 hujus

323 772 476 841 vitae,
506 772 603 826 sed
662 779 729 828 ut
781 772 1200 828 demonstraret
1244 773 1367 829 haec
1419 774 1501 829 eis

324 843 521 898 deberi
574 841 646 897 ab
695 843 807 899 illis
854 844 1062 913 quibus
1101 844 1496 913 praedicarent.

322 915 437 969 Nec
474 917 707 969 omnino
759 920 815 970 et
853 913 1189 985 simpliciter
1234 918 1505 986 praecepit

329 986 412 1040 eis
456 984 587 1051 illa;
647 985 745 1039 sed
776 1001 865 1040 ma
910 984 957 1040 is
997 985 1070 1041 ad
1114 988 1502 1043 revocandum

322 1069 522 1111 eorum
550 1053 814 1111 affectum
846 1072 880 1111 a
951 1056 1272 1112 inordinato
1301 1073 1500 1114 amore

322 1126 742 1196 temporalium,
789 1131 851 1182 ut
899 1143 1014 1182 non
1054 1134 1379 1198 quaererent
1406 1146 1502 1184 su-

324 1198 666 1266 perflua,sed
691 1198 775 1253 eis
792 1198 1123 1253 sufficerent
1139 1198 1460 1255 necessaria
1484 1217 1502 1269 3

324 1268 535 1338 quaein
582 1270 667 1322 eis
716 1285 830 1324 non
883 1268 1175 1326 defectura
1230 1270 1505 1326 Dominus

323 1338 625 1407 ordinavit,
677 1339 864 1395 dando
905 1341 987 1395 eis
1021 1347 1358 1410 potestatem
1403 1358 1504 1398 su-

324 1408 518 1464 mendi
562 1425 649 1478 ea,
682 1410 755 1466 ab
781 1412 869 1466 his
896 1410 1105 1482 quibus
1152 1413 1503 1485 evangeliza·

327 1480 487 1550 bant,
533 1486 590 1535 et
629 1482 711 1536 sic
759 1484 1011 1537 carnalia
1045 1489 1350 1553 meterent,
1407 1484 1505 1555 qui

327 1550 649 1619 spiritualia
701 1554 1081 1610 seminabant.
1132 1556 1245 1610 Nec
1312 1561 1504 1610 tamen

328 1620 726 1678 inobedientes
754 1631 908 1692 sunt,
952 1624 1049 1695 qui
1102 1625 1171 1680 de
1224 1641 1326 1681 suo
1375 1628 1505 1697 jure

325 1693 555 1748 cedunt.
596 1696 755 1750 Unde
777 1696 1166 1763 Anqustinus:
1201 1716 1223 1745 ι
1259 1697 1508 1767 Apparet

324 1767 516 1819 autem
544 1765 668 1820 haec
694 1781 808 1820 non
840 1766 919 1820 ita
949 1767 1284 1835 praecepisse
1318 1767 1508 1823 Domi-

323 1848 451 1902 nus,
514 1840 805 1904 tamquam
877 1836 1250 1907 Evangelistae
1316 1839 1507 1894 vivere

324 1904 555 1959 aliunde
589 1922 699 1961 non
731 1905 995 1977 debeant,
1024 1922 1198 1977 quam
1244 1908 1324 1963 eis
1356 1925 1507 1978 prae-

323 1974 609 2044 bentibus,
638 1975 843 2048 quibus
891 1979 1234 2034 annuntiant
1257 1981 1509 2051 Evange-

322 2045 483 2101 lium.
502 2047 767 2119 Alioquin
800 2055 1000 2105 contra
1021 2050 1128 2105 hoc
1159 2058 1505 2120 praeceptum

322 2116 549 2173 fecisset
574 2119 891 2190 ApostoluS‚
930 2122 1024 2191 qui
1054 2122 1266 2177 victum
1299 2123 1369 2177 de
1391 2138 1505 2177 ma·

324 2203 502 2244 nuum
538 2205 771 2246 suarum
804 2192 1094 2247 laboribus
1127 2194 1501 2263 transigebat,

327 2275 398 2315 ne
446 2260 708 2332 cuiquam
755 2264 944 2332 gravis
987 2269 1154 2331 esset,
1197 2264 1296 2319 sed
1343 2271 1504 2334 pote-

325 2335 528 2385 statem
589 2333 807 2387 dedisse
882 2334 1182 2403 Apostolis‚
1264 2333 1324 2389 in
1392 2350 1506 2406 qua

328 2400 542 2455 scirent
566 2403 673 2458 sibi
715 2404 825 2459 ista
852 2404 1068 2460 deberi.
1111 2404 1252 2460 Cum
1284 2406 1438 2461 enim
1471 2422 1505 2462 a

328 2471 570 2528 Domino
609 2472 824 2543 aliquid
866 2475 1196 2546 imperatur,
1234 2476 1342 2532 nisi
1382 2476 1502 2547 fiat,

329 2543 735 2600 inobedientiae
774 2547 935 2617 culpa
969 2554 1086 2616 est;
1140 2563 1271 2603 cum
1314 2556 1504 2603 autem

330 2619 577 2684 potestas
607 2621 794 2686 datur,
836 2619 969 2673 licet
1020 2617 1224 2689 cuique
1255 2635 1371 2674 non
1401 2620 1504 2687 uti,

329 2689 387 2740 et
427 2690 718 2756 tamquam
772 2689 840 2744 de
900 2705 1003 2744 suo
1032 2688 1161 2759 jure
1192 2690 1393 2747 cedere
1426 2707 1441 2746 z
1475 2710 1505 2744 »

331 2756 451 2811 haec
473 2757 844 2825 Auqustinus.

406 2848 470 2882 10
505 2829 642 2894 Qum
692 2847 895 2886 Tumcaez
945 2848 1064 2887 mm
1124 2849 1189 2887 Εἰ·
1244 2849 1410 2889 VIRGA
1453 2849 1511 2888 nv

328 2915 495 2954 sensu
518 2917 888 2958 uETAPnomco
904 2903 932 2958 ⁴?
956 2933 1025 2944 —
1056 2904 1125 2958 Et
1150 2911 1304 2972 nota,
1318 2921 1516 2960 secun-

328 2969 461 3025 dum
520 2973 977 3043 chrysostomum,
1010 2976 1161 3046 quod
1219 2977 1513 3032 Matthaeus

328 3046 385 3096 et
416 3041 601 3099 Lucas
631 3061 743 3099 non
778 3049 1162 3102 calceamenta
1191 3062 1377 3117 neque
1412 3049 1510 3102 ba-

328 3112 521 3168 culum
553 3122 777 3184 portare
829 3119 1182 3185 permittunt,
1213 3119 1366 3187 quod
1416 3134 1510 3172 os-

327 3184 515 3237 tendit
568 3185 1039 3253 pert'ectissimum
1100 3202 1218 3241 esse
1233 3205 1249 3256 ;
1289 3190 1512 3243 Marcus

330 3268 465 3307 vero
493 3254 655 3322 jubet
682 3256 943 3311 baculum
971 3273 1278 3326 assumere,
1301 3263 1358 3313 et
1386 3275 1513 3314 san-

331 3321 496 3402 daliis
525 3326 789 3392 calceari,
830 3328 981 3396 quod
1015 3328 1228 3383 dictum
1261 3335 1347 3383 est
1376 3344 1510 3399 per-

330 3407 575 3448 missive.
615 3397 770 3451 Unde
801 3405 857 3450 et
895 3398 1034 3452 illud
1076 3398 1145 3453 de
1178 3399 1395 3455 duabus
1420 3407 1512 3455 tu-

329 3462 473 3518 nicis
507 3479 623 3520 non
687 3469 998 3536 portandiS,
1045 3476 1277 3538 exponit
1324 3473 1513 3525 Hiero-

329 3549 548 3605 nyma-5¹,
598 3552 711 3591 non
760 3538 833 3592 ad
886 3540 1153 3602 litteram,
1214 3540 1312 3594 sed
1360 3542 1510 3611 quod

330 3621 446 3662 una
474 3608 671 3664 tunica
698 3609 920 3664 dicatur
958 3609 1363 3666 vestimentum
1404 3627 1509 3667 ne-

331 3680 660 3740 cessarium.
716 3684 966 3737 secunda
1015 3682 1387 3752 superfluum,
1437 3698 1511 3738 ne

331 3749 445 3805 alio
517 3749 705 3807 vestiti
759 3752 913 3807 aliud
970 3753 1133 3808 nobis
1192 3757 1511 3809 futurorum

329 3820 536 3877 timore
568 3838 874 3879 servemus.
904 3825 1036 3893 Sed,
1065 3825 1114 3879 si
1145 3841 1257 3880 non
1282 3830 1513 3895 propter

330 3893 616 3963 timorem,
650 3897 825 3950 multo
860 3897 1043 3951 minus
1074 3903 1306 3967 propter
1329 3903 1516 3952 osten-

332 3964 630 4020 tationem.
678 3968 741 4021 1n
781 3983 895 4036 quo
926 3968 1511 4037 comprehenduntur,

333 4036 431 4105 qui
480 4038 770 4107 parthicas
822 4039 1088 4107 vestiunt,
1120 4046 1175 4093 et
1220 4054 1382 4094 arcas
1419 4039 1513 4094 im-

334 4106 511 4176 plent,
555 4115 611 4163 et
641 4111 738 4178 qui
769 4124 943 4179 equos
977 4109 1300 4165 mutatoriis
1339 4112 1510 4165 vesti-

333 4184 653 4234 mentorum
704 4185 966 4235 onerant.
999 4182 1158 4236 Unde
1203 4187 1259 4235 et
1306 4181 1510 4249 Λαρα-

333 4248 513 4301 atinus
546 4266 558 4302 :
597 4273 622 4299 α
647 4251 763 4305 Hoc
787 4251 855 4305 de
873 4251 1088 4306 duabus
1116 4252 1324 4307 tunicis
1351 4251 1514 4307 intel-

335 4317 627 4388 ligendum
677 4328 783 4394 est,
834 4337 907 4377 ne
955 4320 1252 4393 quisquam
1309 4338 1509 4379 eorum

1599 494 1807 560 praeter
1834 502 1961 543 eam
1990 502 2103 558 qua
2131 491 2280 542 esset
2301 485 2560 555 indutus,
2587 487 2786 561 aliam,

1601 560 1940 631 portandam
1973 562 2202 628 putaret
2231 558 2450 613 tuniam
2485 559 2786 625 sollicitus,

1599 647 1672 688 ne
1715 646 1853 700 opus
1898 637 2063 697 esset,
2095 645 2226 684 cum
2263 644 2330 683 ex
2375 628 2473 684 illa
2512 635 2789 700 potestate

1600 708 1787 773 posset
1825 699 2105 771 accipere.
2143 720 2172 749 »
2207 702 2269 754 In
2300 698 2572 756 Matthaeo
2611 702 2786 758 etiam

1599 772 1737 828 etin
1758 773 2132 841 Marco,virga
2156 772 2436 839 accipitur
2458 772 2782 841 aequivoce;

1599 845 1659 899 in
1688 844 1951 898 Matthaeo
1981 844 2136 898 enim
2176 843 2454 911 accipitur
2486 843 2788 913 metapho-

1597 916 1738 982 rice,
1773 919 1835 969 ut
1878 915 1947 969 sit
1994 929 2194 969 sensus
2231 931 2249 969 ε
2297 916 2488 983 Neque
2540 916 2785 982 vir-qam,

1599 986 1658 1042 id
1683 991 1771 1041 est
1800 1001 1904 1040 nec
1930 985 2196 1039 minimas
2226 1000 2341 1053 res,
2370 984 2455 1039 vel
2483 1001 2598 1039 non
2628 985 2783 1040 inni-

1597 1054 1801 1113 tamini
1838 1055 2090 1111 subsidio
2113 1054 2438 1125 temporali,
2470 1056 2622 1110 sicut
2648 1070 2779 1111 cor·

1597 1144 1704 1200 pus
1751 1126 2021 1182 innititur
2073 1127 2274 1181 baculo
2318 1128 2679 1196 sustentanti,
2725 1132 2786 1182 et

1597 1198 1910 1265 similibus;
1953 1199 2011 1252 in
2039 1199 2225 1252 Marco
2252 1198 2466 1265 autem,
2501 1198 2596 1253 ubi
2632 1198 2777 1253 dici-

1598 1276 1732 1325 tur:
1765 1271 1894 1327 Nisi
1936 1271 2156 1336 vir-qam
2215 1273 2450 1336 tantum,
2505 1267 2787 1339 accipitur

1600 1341 1673 1398 ad
1693 1341 1969 1407 litteram,
1997 1355 2098 1407 per
2128 1354 2301 1410 quam
2332 1347 2525 1394 tamen
2563 1337 2781 1394 intelli-

1601 1414 1754 1484 gitur
1828 1416 2075 1481 potestas
2129 1411 2446 1479 accipiendi
2501 1415 2783 1480 sumptuS,

1643 1500 1715 1539 ua
1735 1482 1815 1537 uti
1843 1486 2169 1551 potuerunt,
2196 1482 2280 1536 vel
2322 1498 2437 1536 non
2471 1482 2573 1550 uti,
2591 1496 2790 1536 secun-

1601 1500 1741 1609 aum
1773 1554 1923 1623 quod
1963 1551 2267 1608 voluerint.
2317 1553 2475 1608 Unde
2523 1553 2785 1608 doctores

1605 1626 1968 1692 Hebaeorum‚
1996 1623 2055 1677 in
2084 1624 2311 1694 signum
2342 1623 2638 1693 doctrinae,
2664 1623 2789 1677 vir-

1642 1712 1735 1751 am
1766 1698 1825 1751 in
1865 1703 2047 1750 manu
2105 1695 2430 1763 portabant,
2462 1694 2597 1764 quia
2633 1693 2788 1763 apud

1603 1712 1830 1823 ffudaeos
1859 1772 2191 1820 consuetum
2218 1770 2342 1820 erat
2380 1763 2670 1836 provideri
2703 1765 2788 1819 eis

1606 1839 1675 1893 de
1704 1840 1856 1893 victu
1896 1852 1931 1892 a
1983 1837 2190 1906 populo
2248 1851 2417 1905 quem
2479 1835 2784 1891 docebant.

1603 1907 1743 1965 Ideo
1781 1907 2042 1964 Christus
2089 1906 2289 1975 voluit,
2330 1906 2483 1976 quod
2542 1906 2665 1961 haec
2708 1906 2790 1961 eis

1604 1996 1707 2051 pro
1735 1979 1847 2036 alia
1864 1978 2181 2048 provisione
2207 1977 2519 2033 sufficeret.
2554 1978 2663 2031 Per
2680 1976 2791 2031 hoc

1604 2050 1758 2106 enim
1785 2049 2214 2115 ostendebatur,
2246 2049 2396 2118 quod
2429 2047 2670 2117 populus
2699 2047 2792 2102 cui

1603 2121 1994 2192 praedicabant
2045 2120 2346 2189 providere
2402 2120 2481 2173 eis
2517 2117 2786 2174 debebat.

1604 2193 1786 2265 Igitur
1823 2206 1940 2246 non
1978 2190 2244 2261 prohibet
2284 2189 2560 2245 Dominus
2590 2204 2791 2244 neces«
2859 2200 2862 2203 “

1602 2267 1849 2325 sitatem,
1878 2261 1977 2316 sed
1999 2260 2450 2331 superfluitatem
2474 2278 2489 2328 3
2516 2266 2574 2316 et
2602 2259 2792 2329 prohi-

1604 2336 1701 2390 bet
1744 2333 2114 2403 Evangelium
2168 2331 2645 2387 annuntiantibus
2702 2331 2789 2385 ni·

1604 2406 1780 2462 miam
1851 2418 2044 2459 curam
2094 2410 2152 2459 et
2209 2401 2654 2458 sollicitudinem
2720 2401 2791 2458 de

1605 2475 2037 2547 temporalibuS,
2079 2491 2151 2531 ne
2173 2475 2350 2530 velint
2373 2478 2603 2544 portare
2636 2471 2793 2554 ultra

1605 2548 1926 2605 necessaria
1952 2547 2129 2617 aliud,
2161 2545 2426 2602 timentes
2474 2545 2629 2617 quod
2678 2544 2789 2600 Sibi

1604 2619 1854 2675 fideciat.

1686 2713 1742 2746 ιι
1831 2691 2154 2746 ἙΕετιΝΑι-ιο
2248 2705 2319 2744 An
2401 2703 2795 2743 pumannum

1606 2778 1951 2818 NECESSARIA.
1997 2791 2058 2801 —
2106 2763 2269 2825 Item,
2318 2765 2380 2814 ut
2421 2759 2526 2814 sub
2577 2765 2797 2829 quanta

1608 2831 1971 2888 festinatione
1999 2832 2072 2887 ad
2095 2832 2521 2901 praedicandum
2549 2844 2794 2910 pergere

1611 2904 1858 2959 debeant
1924 2905 2276 2970 ostendatur,
2335 2902 2594 2971 adjunxit
2646 2922 2661 2956 z
2720 2902 2796 2955 Et

1610 2977 1878 3030 neminem
1903 2989 2003 3044 per
2038 2976 2188 3027 viam
2215 2974 2632 3051 salutavaritis3
2667 2972 2796 3051 Non

1610 3045 1943 3116 simpliciter
1998 3044 2392 3099 salutationem
2472 3041 2785 3112 probibuit,

1611 3117 1711 3172 sed
1783 3131 1912 3171 cum
1974 3131 2137 3170 mora
2206 3121 2263 3169 et
2330 3112 2795 3168 confabulatione

1611 3189 1758 3243 hanc
1785 3187 1913 3242 fieri
1961 3185 2179 3255 noluit;
2212 3201 2285 3240 ne
2327 3185 2624 3241 occasione
2648 3183 2794 3262 salu-

1610 3259 1840 3313 tationis
1870 3257 2284 3327 impedirentur
2317 3271 2353 3311 a
2381 3271 2552 3310 cursu
2591 3254 2796 3324 praedi-

1611 3328 1869 3395 cationis,
1898 3328 2205 3399 quominus
2232 3327 2344 3383 cito
2371 3327 2789 3404 salutemprae-

1611 3400 1868 3455 dicarent
1897 3400 2267 3455 auditoribus
2327 3397 2447 3467 Vel,
2500 3396 2795 3469 prohibuit

1611 3486 1682 3525 ne
1716 3472 2051 3533 salutarent,
2078 3468 2293 3524 scilicet
2343 3485 2411 3523 ex
2437 3468 2789 3533 curiositate,

1608 3543 1757 3596 sicut
1821 3542 2056 3611 quidam
2112 3541 2350 3603 faciunt,
2415 3541 2514 3610 qui
2564 3553 2679 3593 non
2724 3552 2794 3592 ex

1612 3613 1803 3668 studio
1842 3613 2083 3667 salutem
2112 3613 2347 3681 optandi
2371 3611 2620 3665 salutare
2651 3622 2794 3663 con-

1608 3687 1946 3750 sueverunt;
2009 3685 2108 3737 sed
2170 3698 2286 3737 non
2346 3680 2636 3750 prohibuit
2682 3678 2793 3734 hoc

1611 3754 1738 3809 fieri
1767 3771 1833 3809 ex
1867 3755 2124 3822 caritate,
2161 3760 2217 3808 et
2251 3753 2323 3807 ad
2355 3749 2793 3818 consulendum,

1611 3842 1678 3880 ac
1700 3826 1890 3879 studio
1919 3826 2153 3894 optandi
2182 3827 2443 3878 salutem.
2467 3823 2570 3877 Ubi
2604 3826 2795 3875 osten-

1612 3897 1767 3951 ditur
1788 3905 2001 3966 quanta
2028 3893 2322 3964 diligentia
2349 3901 2405 3947 et
2432 3892 2798 3947 festinatione

1612 3967 1953 4037 praedicator
1998 3967 2153 4021 verbi
2210 3964 2387 4020 divini
2447 3964 2617 4019 debet
2663 3959 2801 4041 offi-

1612 4037 1760 4092 cium
1803 4036 1912 4092 sibi
1954 4037 2276 4107 injunctum
2315 4049 2598 4098 exercere,
2659 4046 2802 4104 quia

1610 4124 1725 4164 non
1754 4108 1926 4164 debet
1953 4110 2025 4163 ab
2050 4107 2239 4162 officio
2279 4104 2628 4174 hujusmodi,
2662 4118 2803 4173 pro-

1613 4186 1738 4249 pter
1764 4179 2232 4246 familiaritatem,
2251 4193 2378 4232 cum
2402 4178 2595 4246 aliquo
2607 4180 2799 4229 retar-

1613 4251 1757 4306 dari.
1795 4252 1864 4304 Et
1891 4251 2018 4305 ideo
2050 4250 2390 4317 praedicator
2421 4248 2663 4303 multum
2692 4244 2800 4324 de-

1612 4322 1709 4378 bet
1735 4322 2005 4393 plangere
2035 4327 2277 4392 tempuS,
2307 4334 2419 4391 quo
2458 4318 2804 4391 praetermlt-
