3146 5023
584 351 663 407 DE
716 349 965 409 OUAEST.
1025 350 1303 403 JOANNIS
1359 346 1553 405 Bn‘r.
1609 351 1647 404 A
1700 350 1987 405 CHRISTO
2041 352 2503 409 continuum.
2695 357 2750 410 81

282 461 475 515 tutum
507 452 1020 511 commendationis
1049 455 1170 526 ejus
1198 453 1473 511 Dominus

280 527 542 588 breviter
555 525 1025 598 comprehendat,
1050 525 1273 582 subdit:
1296 528 1473 582 Amen

285 600 414 657 dico
442 599 621 665 vobis,
648 601 796 653 inter
831 602 992 652 natos
1019 599 1331 662 mulierum,
1363 615 1473 653 non

286 672 540 729 surremit
583 669 769 738 major
797 670 1008 724 Joanne
1053 671 1328 739 Baptista.
1385 668 1473 726 Si-

366 746 537 797 anter
549 739 687 795 dicit
699 743 846 795 inter
859 744 1038 807 natos,
1056 755 1170 795 uon
1189 745 1375 808 natas,
1402 755 1474 795 ne

336 817 484 870 eatae
513 809 738 881 Virgini
768 808 938 865 matri
970 809 1177 867 Christi
1215 811 1473 882 praeferri

287 884 377 940 vel
410 881 630 954 aequari
654 882 845 953 quoad
877 881 1238 939 sanctitatem
1261 881 1474 938 intelli-

288 960 491 1028 gatur3
526 969 651 1024 quae
673 952 911 1025 praelata
940 958 1026 1009 est
1053 952 1318 1010 omnibus
1343 952 1475 1010 San-

290 1025 420 1095 ctiS,
467 1029 526 1081 et
573 1027 703 1096 post
735 1022 1023 1080 Christum
1078 1023 1331 1080 sanctior
1373 1023 1477 1079 fuit

287 1094 594 1155 universis
625 1093 774 1150 Dicit
795 1101 988 1150 autern
1017 1097 1330 1158 mulierum,
1363 1112 1478 1151 non

289 1165 567 1240 VirginiS,
599 1181 671 1221 ne
702 1164 925 1222 Christo
951 1165 1267 1236 comparari
1290 1166 1481 1223 videa·

291 1243 411 1307 tur,
433 1237 568 1308 quia
583 1235 788 1292 mulier
813 1236 889 1293 ibi
918 1253 1032 1292 non
1053 1238 1236 1293 solum
1257 1254 1491 1306 sexum„

295 1310 401 1367 sed
440 1307 613 1365 etiam
664 1306 1090 1378 corruptionem
1142 1307 1475 1379 significat3

295 1380 609 1438 secundum
640 1394 807 1450 quem
844 1378 1076 1436 modum
1102 1381 1276 1436 Beata
1304 1379 1404 1436 Vir
1445 1396 1477 1436 o

294 1450 510 1508 mulier
568 1465 680 1507 non
722 1448 827 1507 suit
841 1467 859 1519 3
899 1454 977 1518 et,
1026 1449 1073 1505 si
1117 1450 1323 1507 mulier
1372 1396 1475 1515 afi-

298 1521 538 1594 quando
567 1519 622 1575 in
653 1520 959 1590 Evangelio
987 1525 1371 1593 nuncupatur,
1399 1521 1479 1578 ibi

299 1591 514 1650 mulier
557 1607 654 1662 pro
697 1590 911 1647 femina
949 1596 1007 1647 et
1044 1608 1178 1648 sexu
1226 1593 1476 1664 ponitur.

297 1666 415 1722 Nec
452 1661 655 1719 ceteris
697 1661 997 1744 Prophetis
1040 1670 1093 1720 et
1124 1662 1480 1719 ·Patriarchis

299 1734 632 1805 cunctisque
669 1733 996 1790 hom1nibus
1046 1735 1348 1806 praesertur
1388 1733 1481 1790 hic

299 1809 570 1872 JoanneS‚
613 1803 714 1860 sed
763 1810 1041 1876 aequatur,
1073 1806 1161 1862 vel
1210 1805 1397 1862 nullus
1428 1805 1479 1861 ei

301 1875 690 1949 anteponitur.
722 1878 846 1932 Non
877 1875 1028 1932 enim
1068 1876 1260 1932 statim
1290 1876 1478 1947 sequi·

299 1954 416 2011 tur,
450 1947 497 2003 si
529 1946 626 2004 alii
661 1963 730 2002 eo
762 1946 1028 2004 meliores
1058 1964 1175 2004 non
1203 1953 1359 2016 sunt,
1386 1947 1482 2004 ille

302 2020 491 2091 major
520 2017 650 2075 aliis
680 2016 772 2073 sit.
806 2019 962 2075 Unde
988 2035 1102 2075 non
1122 2024 1315 2088 negat,
1343 2017 1481 2089 quin

304 2089 543 2162 aequalis
560 2088 667 2146 sibi
679 2088 987 2160 aliquando
1000 2089 1242 2145 surrexit
1257 2108 1271 2159 ;
1289 2094 1480 2146 utrum

301 2178 438 2220 vero
470 2165 669 2233 postea
699 2159 947 2216 sanctior
965 2178 1034 2218 eo
1057 2159 1261 2231 aliquis
1292 2160 1481 2229 suerit,

304 2234 394 2291 vel
442 2233 629 2289 adhuc
681 2232 905 2287 futurus
961 2232 1054 2301 sit,
1099 2230 1484 2288 indiscussum

306 2302 666 2386 relinquitur.
710 2303 868 2358 Unde
903 2302 981 2358 ait
1023 2305 1434 2373 chrysostomus
1465 2322 1482 2358 ε

309 2395 341 2430 (ι
371 2378 666 2446 Scr1ptura
703 2373 937 2441 quidem
984 2390 1099 2429 non
1138 2373 1274 2430 dicit
1310 2377 1482 2432 Joan-

306 2463 441 2505 nem
490 2446 769 2518 majorem
817 2460 941 2501 esse
988 2444 1193 2502 ceteris
1243 2445 1484 2514 Sanctis,

308 2519 412 2577 sed
431 2524 650 2574 ceteros
680 2518 919 2574 Sanctos
937 2534 1054 2573 non
1085 2534 1211 2574 esse
1241 2519 1486 2588 majores

307 2593 549 2649 Joanne.
572 2587 898 2658 Coaequavit
927 2587 1082 2646 enim
1107 2605 1237 2646 eum
1261 2590 1485 2655 ceteriS,

310 2677 428 2719 non
457 2659 790 2733 praeposuit.
829 2680 858 2711 »
893 2662 959 2715 Et
981 2658 1221 2716 iterum:
1258 2682 1287 2711 «
1327 2659 1488 2728 Quod

310 2737 502 2790 autem
523 2730 659 2786 dicit
690 2731 801 2787 tale
831 2736 943 2787 est:
963 2732 1088 2787 Non
1156 2730 1337 2813 eperit
1366 2747 1488 2787 mu-

308 2802 419 2863 lier
456 2802 563 2858 isto
602 2803 901 2884 majorem,
930 2808 989 2861 et
1017 2747 1227 2859 sulffclt
1261 2801 1491 2874 quidem

315 2879 441 2932 haec
470 2873 828 2930 annuntlatio
851 2873 1078 2931 Christi.
1108 2874 1165 2931 Si
1190 2878 1381 2930 autem
1405 2872 1491 2928 vis

316 2961 353 3003 a
392 2946 568 3000 rebus
619 2943 757 3016 ipsis
811 2944 1051 3014 discere,
1096 2944 1189 3001 hic
1235 2943 1493 3016 excogita

317 3017 448 3088 eJus
507 3014 838 3072 immensam
897 3015 1386 3072 conversationem
1436 3019 1492 3070 et

316 3084 533 3145 mentis
573 3086 948 3144 altitudinem.
1002 3088 1168 3144 Velut
1210 3085 1364 3143 enim
1396 3084 1493 3157 qui

317 3157 543 3215 coelitus
571 3158 958 3215 descendisset
974 3158 1217 3229 degebat
1234 3157 1292 3214 in
1316 3162 1490 3226 terra,

318 3230 438 3286 fere
453 3229 668 3285 nullam
691 3245 898 3301 gerens
915 3246 1108 3286 curam
1128 3229 1199 3286 de
1233 3244 1492 3300 corpore,

317 3299 785 3357 intellectualiter.
807 3305 1030 3357 erectus
1067 3300 1128 3357 in
1174 3300 1399 3368 coelum,
1439 3304 1494 3356 et

320 3370 426 3428 soli
457 3373 575 3428 Deo
606 3372 963 3454 conjunctus,
987 3373 1057 3428 de
1082 3372 1236 3429 nullo
1262 3369 1498 3428 munda·

320 3458 529 3500 norum
556 3442 830 3499 sollic1tus
860 3459 875 3512 ;
909 3443 1054 3499 sicut
1081 3442 1237 3499 enim
1266 3441 1327 3498 in
1357 3441 1496 3497 coelo

318 3513 402 3570 ita
441 3515 906 3583 conversabatur,
948 3519 1004 3571 et
1040 3519 1261 3571 naturae
1306 3528 1498 3569 neces·

322 3583 590 3641 sitatibus
610 3585 870 3656 superior
893 3585 1148 3654 effectus,
1170 3590 1496 3641 extraneam

320 3655 629 3727 quamdam
668 3657 995 3713 ambulabat
1035 3655 1206 3725 viam,
1238 3655 1295 3711 in
1327 3657 1391 3721 hx
1412 3670 1496 3711 m-

321 3725 415 3783 nis
444 3730 503 3782 et
529 3726 885 3784 orationibus
913 3744 1083 3784 omne
1112 3727 1501 3800 pertransiens

1571 454 1814 512 viriliter
1852 459 1910 512 et
1946 456 2255 525 ferventer,
2296 474 2424 514 cum
2466 475 2599 533 rege
2647 477 2754 519 au-

1572 527 1938 596 dacter,cum
1977 527 2269 599 discipulis
2316 529 2525 586 leniter
2571 533 2756 589 conse-

1572 599 1769 667 rebat;
1806 597 1947 654 nihil
1985 599 2217 669 frustra,
2251 599 2337 656 vel
2377 601 2598 672 leviter,
2652 605 2752 660 sed

1573 669 1768 725 omnia
1796 670 2205 728 convenienter
2246 672 2473 742 agebat.
2511 675 2752 746 Propter

1572 742 1682 797 hoc
1718 739 1858 797 dixit
1896 743 2061 798 Jesus
2106 759 2120 797 ε
2167 745 2290 801 Non
2325 749 2573 805 surremit
2607 748 2753 802 inter

1571 817 1732 868 natos
1775 813 2067 868 mulierum
2105 813 2288 883 major
2312 816 2521 871 Joanne
2557 819 2757 888 Bapti-

1571 889 1661 939 sta
1683 902 1700 938 :
1729 902 1757 935 »
1778 884 1900 938 haec
1922 886 2353 954 chrysostomus.
2382 888 2447 942 Et
2467 889 2601 959 quia
2618 888 2758 945 mul-

1572 959 1633 1010 ta
1660 958 1747 1010 est
1770 954 2012 1011 ‚loannis
2041 971 2167 1011 cum
2196 956 2333 1012 Filio
2371 958 2468 1015 Dei
2505 960 2753 1028 collatio,

1573 1024 1727 1093 ide0,
1768 1025 2079 1082 secundum
2119 1028 2384 1083 eumdem
2430 1031 2753 1099 chrysosto-

1573 1113 1745 1164 mum,
1767 1100 1830 1152 ut
1854 1095 2017 1168 copia
2038 1097 2269 1154 laudum
2285 1098 2521 1154 Joannis
2544 1103 2574 1156 J
2581 1101 2756 1158 udaeis

1576 1166 1932 1225 occasionem
2003 1185 2119 1224 non
2194 1168 2355 1224 daret
2414 1172 2756 1241 praet'erendi

1572 1241 1604 1296 J
1610 1254 1850 1295 oannem
1879 1238 2123 1307 Christo,
2143 1239 2333 1296 subdit
2356 1240 2757 1312 distinguendo

1577 1308 1967 1366 excellentiam
1987 1309 2195 1365 Christi
2217 1312 2289 1365 ab
2313 1312 2646 1368 excellentia
2668 1315 2761 1370 Jo-

1579 1379 1766 1447 anniS,
1785 1378 1977 1434 dicens
1997 1397 2010 1434 :
2029 1381 2136 1446 Qui
2151 1386 2331 1435 autem
2348 1385 2527 1437 minor
2540 1390 2640 1452 est,
2657 1384 2761 1440 sci-

1579 1450 1711 1509 licet
1740 1454 1907 1506 aetate
1948 1455 2006 1506 et
2035 1450 2339 1506 multorum
2379 1452 2667 1524 opinione,
2702 1456 2762 1510 in

1577 1539 1743 1591 reqno
1765 1522 2039 1589 coelorum,
2060 1520 2120 1577 id
2145 1527 2232 1577 est
2261 1521 2317 1577 in
2344 1525 2592 1581 Ecclesia
2619 1528 2759 1582 San·

1580 1599 1799 1649 ctorum
1823 1590 2124 1660 militante,
2146 1593 2329 1662 major
2354 1601 2435 1649 est
2456 1598 2577 1664 illo,
2605 1595 2760 1652 scili·

1580 1670 1668 1720 cet
1713 1662 1988 1734 dignitate
2032 1668 2088 1719 et
2131 1666 2448 1735 majestate.
2486 1667 2647 1733 Quod
2688 1666 2760 1724 de

1581 1736 1804 1794 Christo
1828 1739 1981 1791 recte
1999 1734 2293 1807 accipitur,
2317 1736 2415 1807 qui
2435 1741 2568 1793 tunc
2585 1736 2642 1793 in
2665 1739 2763 1795 Ec-

1581 1806 1753 1864 clesia
1772 1805 2074 1874 militante,
2100 1824 2229 1877 quae
2245 1823 2277 1863 a
2302 1808 2485 1879 primo
2499 1810 2657 1879 justo
2678 1808 2762 1866 in-

1581 1877 1798 1950 cipiens
1816 1893 1996 1948 usque
2010 1878 2082 1933 ad
2102 1878 2359 1934 ultimum
2379 1880 2619 1936 electum
2635 1896 2761 1953 per-

1582 1949 1773 2017 durat,
1797 1948 1988 2003 minor
2010 1964 2045 2004 a
2068 1949 2258 2004 multis
2282 1957 2597 2023 reputatur.
2630 1952 2760 2021 Sed,

1584 2020 1893 2076 secundum
1942 2020 2403 2087 chrysostomum,
2442 2038 2555 2077 uon
2602 2029 2765 2093 putes

1583 2091 1736 2162 quod
1766 2088 2148 2160 comparative
2171 2106 2232 2146 se
2263 2091 2469 2147 dixerit
2484 2093 2761 2162 majorem

1579 2164 1824 2220 Joanne.
1858 2163 1926 2216 Ut
1955 2159 2110 2216 enim
2140 2160 2311 2217 etiam
2363 2161 2500 2218 dicit
2526 2164 2763 2219 Ambro-

1582 2236 1721 2300 sius,
1774 2230 1897 2288 alia'
1939 2237 2028 2287 est
2073 2233 2183 2288 ista
2239 2238 2461 2303 natura,
2503 2250 2607 2290 nec
2637 2250 2764 2292 cum

1562 2302 1851 2360 humanis
1875 2302 2336 2373 generationibus
2359 2306 2761 2378 comparanda,

1583 2392 1700 2432 non
1757 2373 1911 2431 enim
1999 2380 2147 2432 otest
2188 2376 2404 2433 homini
2459 2394 2588 2434 cum
2645 2380 2762 2435 Deo

1585 2446 1699 2502 ulla
1726 2462 1851 2503 esse
1871 2446 1956 2502 col
1981 2447 2117 2503 atio.
2140 2447 2263 2518 Vel,
2294 2448 2634 2505 novissimus
2658 2451 2767 2506 An-

1584 2519 1862 2590 gelorum,
1894 2517 1993 2589 qui
2032 2517 2093 2574 in
2122 2535 2302 2590 regno
2356 2521 2654 2588 coelorum,
2699 2520 2759 2577 id

1587 2588 1753 2646 estin
1778 2589 2029 2646 Ecclesia
2044 2589 2429 2662 triumphante
2453 2590 2759 2659 ministrat,

1588 2677 1689 2718 seu
1716 2659 1987 2717 minimus
2027 2661 2384 2733 Sanctorum,
2428 2661 2523 2733 qui
2547 2663 2668 2733 Jam
2684 2661 2763 2720 ibi

1590 2748 1718 2789 cum
1766 2734 1882 2789 Deo
1911 2735 2132 2804 regnat,
2161 2734 2343 2803 major
2384 2739 2464 2791 est
2495 2736 2593 2789 illo
2673 2749 2763 2788 ro·

1589 2808 1718 2930 Rter
1754 2808 1964 2859 statum
1994 2802 2319 2859 fruitionis:
2362 2804 2496 2875 quia
2529 2803 2624 2875 qui
2650 2803 2768 2859 ibet

1630 2877 1813 2941 eatuS,
1859 2877 1916 2929 et
1961 2874 2407 2944 comprehensor
2445 2877 2767 2944 quamtum·

1592 2959 1813 3014 cunque
1880 2940 2168 3010 minimus,
2231 2943 2416 3012 major
2462 2946 2548 2998 est
2616 2946 2767 3010 actu,

1590 3029 1761 3087 quam
1830 3011 2066 3084 quilibet
2121 3011 2304 3068 viator
2356 3028 2529 3083 purus
2567 3029 2585 3082 ;
2640 3011 2772 3070 licet

1591 3082 1802 3156 aliquis
1850 3082 2035 3139 viator
2082 3082 2157 3140 sit
2185 3082 2368 3154 maJ'or
2395 3082 2456 3139 in
2496 3083 2769 3156 potentia,

1592 3156 1784 3227 aliquo
1798 3156 1920 3228 jam
1947 3156 2133 3212 beato.
2169 3156 2329 3212 Unde
2356 3158 2722 3226 Hieronymus
2750 3175 2767 3211 .·

1596 3251 1625 3281 «
1656 3230 1769 3285 Nos
1797 3232 1989 3283 autem
2008 3225 2341 3299 simpliciter
2362 3227 2786 3301 intelligamus,

1594 3299 1748 3372 quod
1797 3297 1984 3354 omnis
2022 3300 2283 3367 Sanctus,
2320 3299 2415 3372 qui
2465 3300 2588 3371 ,iam
2643 3315 2772 3358 cum

1596 3374 1713 3428 Deo
1768 3375 1877 3439 est,
1923 3370 2105 3442 maj0r
2157 3370 2232 3427 sit
2276 3370 2395 3441 illo,
2439 3369 2536 3444 qui
2586 3372 2773 3430 adhuc

1595 3440 1853 3500 consistit
1889 3441 1949 3498 in
2005 3442 2223 3513 praeli0.
2276 3443 2445 3501 Aliud
2490 3448 2577 3500 est
2618 3442 2774 3500 enim

1597 3529 1868 3571 coronam
1890 3512 2139 3571 victoriae
2166 3515 2476 3586 possidere,
2499 3514 2655 3570 aliud
2680 3513 2754 3569 ad

1596 3587 1709 3643 huc
1734 3584 1792 3641 in
1823 3584 1945 3642 acie
1972 3585 2273 3654 dimicare;
2306 3584 2559 3654 intellige
2586 3589 2778 3639 tamen

1598 3662 1874 3728 quantum
1898 3656 1971 3711 ad
2001 3656 2221 3728 praemii
2248 3655 2635 3722 securitatem,
2663 3668 2778 3708 non

1600 3732 1873 3799 quantum
1912 3726 1985 3781 ad
2031 3725 2220 3782 meriti
2267 3722 2720 3795 magnitudinem
2762 3738 2776 3777 ε

323 3802 573 3867 tempus,
604 3797 901 3855 hominum
935 3798 1164 3871 quidem
1193 3797 1353 3867 nulli,
1384 3801 1502 3854 Deo
1602 3799 1726 3853 haec
1754 3799 2138 3864 Hieronymus.
2174 3815 2203 3847 ι»

322 3873 520 3925 autem
551 3868 816 3926 continue
851 3869 956 3925 soli
1004 3870 1355 3942 colloquens·
1396 3870 1503 3925 Ne-

326 3954 440 4012 que
470 3937 623 3995 enim
640 3938 781 3995 vidit
808 3939 880 3996 ali
926 3956 1058 3997 uem
1082 3956 1505 4006 conservorum,

1682 3888 1739 3922 ιι
1812 3865 2217 3922 Conexum-ua
2291 3883 2328 3921 A
2408 3880 2782 3928 common-Aru

1606 3953 1868 3994 Tauroms
1898 3952 2005 3998 Quo
2055 3952 2235 3990 vnmr.
2268 3965 2337 3977 ·—
2367 3934 2581 3992 Deinde
2622 3932 2785 4005 quasi

326 4025 522 4081 neque
554 4009 708 4066 visus
749 4016 837 4068 est
880 4010 1049 4068 aicui
1101 4013 1341 4079 horum;
1393 4025 1508 4067 non
1609 4006 1954 4066 declarando
2025 4005 2176 4077 quod
2229 4011 2352 4062 erat
2413 4006 2539 4078 plus
2613 4020 2788 4075 quam

314 4073 477 4138 lacte
503 4096 637 4137 usus
665 4085 773 4151 est,
801 4098 916 4139 non
941 4082 1168 4152 lectulo,
1192 4099 1308 4139 non
1335 4086 1508 4149 tecto,

1612 4079 1917 4152 Propheta,
1953 4076 2314 4133 commendat
2345 4093 2479 4135 eum
2509 4093 2544 4135 a
2570 4080 2788 4160 tempo-

325 4168 447 4210 non
481 4152 630 4221 foco,
649 4168 764 4209 non
802 4153 993 4226 aliquo
1038 4169 1262 4226 quoque
1298 4152 1510 4226 potitus
1612 4149 1692 4207 ris
1716 4148 2118 4206 commoditate
2140 4150 2199 4204 in
2222 4165 2335 4221 quo
2358 4147 2514 4207 venit
2536 4166 2551 4206 :
2575 4164 2711 4220 qma
2733 4165 2794 4206 ιιι

331 4227 424 4280 est
474 4223 881 4281 humanorum.
932 4226 1130 4283 Sermo
1181 4239 1413 4281 severus
1456 4226 1513 4278 et
1613 4228 1870 4294 tempore
1895 4219 2116 4292 gratiae,
2139 4221 2438 4278 commodo
2470 4219 2666 4279 etutili
2694 4220 2797 4279 hu-

327 4293 517 4363 lenis;
570 4310 705 4351 nam
758 4311 886 4352 cum
930 4296 1140 4370 populo
1184 4296 1515 4353 Judaeorum
1616 4308 1785 4351 mano
1823 4290 2042 4366 generi.
2073 4293 2338 4350 Adiebus
2365 4292 2517 4351 enim
2542 4295 2796 4362 Ioannis,

461 4389 611 4442 Vm
642 4389 779 4443 Jasu
812 4391 1056 4453 Cunisn,
1092 4391 1280 4444 Totus
1311 4391 1385 4444 11.

2647 4391 2679 4443 6
