3146 5023
606 442 685 497 DE
740 443 1089 498 PERMENTO
1142 443 1443 497 CAVENDO
1499 444 1577 497 m·
1606 443 1785 497 CAECO
1839 442 2284 500 ILL‘UMINATO.
2638 438 2722 493 341

273 563 420 620 pane
445 547 603 604 vobis
635 565 649 607 ε
681 548 874 607 Cavete
905 565 940 605 a
967 550 1233 617 fermento
1254 551 1450 605 Phari-

275 635 524 688 saeomm,
555 624 608 676 et
650 619 1111 679 Sadducaeorum?
1142 621 1311 688 Quasi
1367 619 1449 675 di-

276 695 431 747 ceret
463 706 477 746 ε
508 692 631 747 Non
661 695 748 748 est
780 691 942 748 vobis
970 691 1347 749 dubitandum
1376 691 1446 747 de

273 776 420 833 pane
451 761 752 828 materiali,
783 762 916 834 quia
942 762 1023 818 ita
1049 777 1287 834 possum
1313 777 1446 819 eum

275 831 656 904 multiplicare
685 834 830 889 sicut
847 832 1095 904 vidistis3
1123 849 1228 890 nec
1253 835 1328 911 gie
1348 833 1444 891 illo

274 918 380 973 ego
413 902 709 972 sollicitor,
736 919 844 960 nec
872 904 1078 976 loquor
1100 905 1283 973 vobiS,
1313 903 1443 960 ideo

273 975 464 1046 potius
510 974 580 1030 de
609 973 721 1031 alio
751 990 898 1047 pane
928 980 985 1031 et
1021 975 1302 1032 fermento
1350 974 1444 1030 in·

275 1044 530 1117 telligere
581 1044 877 1114 debuistis„
912 1044 1127 1102 scilicet
1171 1044 1446 1102 doctrinae

273 1131 581 1198 perwfersae,
606 1131 734 1187 quae
759 1131 919 1198 more
938 1116 1225 1198 termenti,
1241 1133 1302 1173 se
1324 1117 1447 1172 veri

275 1186 1447 1339 {33¹{2v222t312‘3313333i3mhgjtzfeu2

280 1327 629 1384 admiscetur
652 1331 987 1400 corrumpit,
1009 1331 1066 1385 et
1089 1328 1162 1386 ad
1182 1344 1245 1385 sa
1287 1343 1446 1384 orem

276 1414 443 1454 suum
465 1413 704 1470 pravum
731 1399 927 1455 trahit.
961 1402 1077 1456 Hoc
1123 1404 1210 1456 est
1277 1415 1308 1455 e
1336 1415 1446 1470 quo

275 1469 579 1539 Apostolus
605 1468 741 1526 dicit
775 1486 791 1526 t
818 1470 1095 1527 Modicum
1121 1473 1448 1537 termentum

278 1545 451 1597 totam
473 1556 715 1597 massam
737 1544 1058 1612 corrumpit.
1074 1542 1160 1599 Ab
1182 1540 1293 1598 isto
1313 1557 1446 1614 ergo

275 1612 423 1668 sicut
447 1627 482 1668 a
511 1610 713 1668 nocivo
744 1612 871 1668 cibo
898 1627 1118 1669 summe
1136 1616 1222 1669 est
1242 1628 1446 1669 caven-

276 1681 433 1739 dum.
469 1682 630 1740 Unde
660 1683 985 1739 Ambrosius
1013 1702 1034 1740 .·
1068 1704 1098 1735 «
1128 1682 1300 1741 Cibus
1327 1699 1449 1740 cor-

273 1753 488 1825 poralis
520 1751 759 1811 nocivus
792 1770 921 1811 cum
950 1770 1158 1825 magna
1181 1754 1449 1811 sollicitu-

273 1824 408 1881 dine
442 1830 693 1894 cavetur,
728 1830 943 1898 quanto
972 1825 1155 1897 magis
1185 1826 1449 1898 spiritua-

274 1894 372 1952 lis?
396 1916 425 1951 »
454 1900 604 1953 Tunc
632 1898 1047 1967 intellexerunt,
1066 1899 1202 1967 quia
1231 1913 1341 1954 non
1365 1898 1449 1953 di-

273 1970 425 2023 aeerit
482 1969 785 2025 cavendum
837 1984 872 2024 a
913 1970 1181 2037 fermento
1217 1984 1446 2038 panum,

276 2037 493 2095 scilicet
532 2036 947 2106 materialium;
973 2040 1070 2095 scd
1116 2055 1153 2094 a
1195 2040 1449 2096 doctrina

273 2111 676 2167 Pharisaeorum
731 2114 785 2166 et
830 2111 1277 2179 Sadducaeorum,
1321 2125 1449 2182 quae

278 2179 504 2238 ratione
531 2182 803 2253 praedicta
824 2185 1060 2238 vocatur
1082 2181 1444 2239 fermentum.

348 2255 379 2307 5
422 2253 773 2310 lunumano
810 2269 937 2308 ciam
974 2254 1294 2308 Bai-asama·
1331 2269 1448 2308 mu-

277 2339 389 2379 uuu
407 2339 734 2380 manassem
751 2340 1018 2380 mnam-m.
1041 2354 1114 2366 —
1129 2325 1204 2379 Et
1222 2325 1450 2378 veniunt

274 2395 650 2466 Bethsaidam,
693 2399 746 2451 et
781 2395 1066 2451 adducunt
1121 2396 1174 2449 ei
1228 2410 1445 2462 caecum,

276 2469 328 2521 et
348 2466 622 2535 roqabant
638 2470 702 2522 ut
722 2466 885 2521 illum
915 2469 1180 2535 converet,
1203 2464 1447 2522 firmiter

274 2536 571 2594 credentes
605 2535 756 2608 quod
780 2535 853 2592 ad
880 2540 1095 2592 tactum
1123 2537 1244 2607 ejus
1273 2552 1447 2593 sanus

277 2607 461 2663 fieret.
516 2610 592 2664 Et
639 2608 983 2678 apprehensa
1044 2623 1214 2662 manu
1281 2610 1407 2662 caeci
1428 2649 1443 2676 ,

283 2679 484 2735 eduxit
516 2694 638 2734 eum
667 2681 831 2733 extra
858 2676 1137 2745 vicum,id
1175 2680 1262 2733 est
1291 2683 1449 2733 extra

270 2748 627 2806 vicinitatem
674 2754 733 2806 et
770 2747 1075 2805 tumultum
1126 2747 1441 2822 malorum3

273 2825 327 2876 et
375 2836 644 2892 eccspuens
678 2823 742 2877 in
777 2820 959 2876 oculos
995 2819 1139 2889 ejus,
1169 2820 1447 2889 impositis

274 2893 532 2947 manibus
554 2894 673 2947 suis
701 2906 873 2962 super
900 2890 1116 2960 oculos,
1140 2892 1450 2957 interroqa-

276 2964 359 3017 vit
393 2977 534 3027 eum,
551 2965 604 3016 si
631 2962 770 3032 quid
796 2962 1026 3017 videret.
1047 2963 1122 3017 Et
1150 2962 1446 3031 aspiciens,

279 3032 337 3088 id
352 3037 439 3088 est
448 3031 703 3104 aspicere
718 3031 1017 3104 incipiens,
1035 3034 1118 3086 ait
1131 3046 1332 3087 caecus:
1356 3032 1453 3088 Vi-

279 3103 379 3159 deo
399 3105 642 3158 homines
661 3104 809 3158 velut
832 3104 1053 3159 arbores
1082 3102 1449 3157 ambulantes.

279 3175 403 3230 Non
442 3173 594 3230 enim
623 3173 976 3244 distinguere
1003 3177 1229 3245 poterat
1271 3171 1449 3228 linea-

282 3248 478 3314 menta
509 3245 887 3302 humanorum
924 3259 1250 3316 corporum,
1289 3241 1452 3298 vide-

280 3316 379 3372 bat
400 3316 639 3373 obscure
658 3331 899 3387 corpora
918 3327 1116 3372 eorum
1146 3312 1361 3370 moveri
1382 3313 1454 3369 de

281 3386 405 3443 loco
431 3387 505 3443 ad
524 3387 745 3445 locum:
767 3391 825 3444 et
851 3390 1046 3456 postea
1063 3385 1314 3458 perfecte
1332 3383 1454 3440 illu-

282 3457 522 3515 minavit
555 3475 706 3516 eum.
728 3459 871 3515 Nam
894 3457 1094 3514 deinde
1128 3459 1330 3512 iterum
1352 3458 1454 3510 im·

279 3531 469 3599 posuit
494 3545 697 3585 manus
723 3544 891 3600 super
912 3530 1094 3585 oculos
1125 3532 1176 3583 et
1191 3530 1353 3599 coepit
1374 3528 1456 3580 vi-

283 3599 472 3655 dereet
488 3602 777 3655 restitutus
791 3602 892 3667 est,
904 3602 987 3655 ita
1006 3604 1069 3654 ut
1087 3600 1233 3654 clare
1245 3598 1457 3654 videret

281 3671 486 3726 omnia.
533 3671 643 3725 Per
682 3670 791 3725 hoc
826 3668 1087 3740 arguitur
1125 3666 1457 3739 ignorantia

281 3738 422 3796 disci
465 3739 690 3796 ulorum
728 3739 898 3807 sacto,
934 3737 1087 3810 quod
1121 3737 1260 3811 ipsis
1295 3754 1456 3811 prae-

282 3810 427 3867 senti
475 3826 540 3866 us
591 3807 937 3867 illuminavit
985 3824 1220 3878 caecum,
1271 3808 1456 3880 primo

280 3881 635 3953 imperfecte,
654 3885 710 3937 et
763 3885 924 3936 ostea
938 3880 1207 3951 perfecte.
1228 3880 1458 3936 Certum

281 3957 369 4009 est
396 3953 548 4009 enim
587 3967 700 4023 quo
785 3949 1042 4009 Christus
1070 3953 1296 4022 poterat
1327 3965 1459 4006 eum

284 4022 477 4080 statim
520 4022 771 4094 perfecte
817 4020 1139 4078 illuminare
1151 4039 1170 4093 3
1225 4021 1327 4078 sed
1356 4036 1460 4092 per

283 4093 461 4151 talem
490 4094 724 4150 modum
751 4091 932 4148 voluit
959 4093 1168 4162 facere,
1203 4095 1270 4148 ut
1306 4089 1457 4148 desi-

288 4167 494 4236 gnaret
522 4162 831 4292 discaifulos
859 4163 1046 4220 adhuc
1070 4162 1320 4245 in‘parte
1345 4163 1460 4220 ob·-

291 4239 549 4293 scuratos
595 4251 625 4291 c
686 4234 839 4305 igine
869 4233 1230 4305 ignorantiae,
1278 4237 1335 4290 et
1387 4233 1460 4288 ad

290 4308 443 4364 clare
490 4305 924 4379 intelligendum
951 4303 1211 4376 indigere
1257 4302 1461 4374 maJori

289 4375 734 4438 illuminatione.
778 4375 960 4446 Unde,
991 4380 1049 4432 et
1095 4379 1225 4448 post
1267 4390 1460 4432 resur-

1558 550 1869 609 rectionem
1896 567 2058 609 suam
2088 554 2309 623 aperuit
2341 551 2461 608 illis
2488 566 2726 618 sensum,

1556 627 1622 679 ut
1638 623 2011 691 intelligerent
2028 625 2368 706 Scripturas.
2397 620 2507 678 Alii
2532 620 2727 678 dicunt

1557 692 2037 751 illuminationem
2064 695 2233 765 huJus
2254 691 2387 751 caeci
2409 692 2727 750 successive

1556 765 1787 834 factam,
1811 768 2046 837 propter
2084 763 2425 836 parvitatem
2461 763 2596 820 fidei
2624 764 2730 820 hu-

1551 836 1650 907 jus
1679 835 1813 892 caeci
1845 839 1903 893 et
1937 834 2300 892 offerentium
2346 834 2535 907 ipsum
2572 835 2729 891 Chri-

1559 911 1677 975 sto;
1710 910 1767 963 et
1789 911 1977 977 potest
2005 922 2130 962 esse
2155 906 2308 977 quod
2335 905 2445 962 ista
2473 921 2645 962 causa
2673 908 2733 961 et

1556 976 1833 1049 praedicta
1855 982 2267 1045 concurrerunt
2300 976 2374 1033 ad
2406 976 2579 1033 istum
2599 975 2734 1033 effe-

1557 1051 1710 1105 ctum
1734 1047 1796 1103 in
1824 1040 1968 1118 ipso.
2001 1048 2111 1103 Per
2139 1048 2248 1103 hoc
2273 1045 2446 1105 etiam
2477 1046 2736 1118 signatur

1558 1118 1711 1190 quod
1757 1116 2033 1174 Dominus
2075 1116 2385 1189 aliquando
2438 1116 2538 1173 dat
2572 1132 2735 1174 suam

1557 1189 1802 1260 gratiam
1848 1188 2268 1259 augmentando
2314 1186 2474 1259 prius
2518 1187 2733 1244 datam.

1557 1263 1633 1317 Et
1676 1261 1832 1316 misit
1861 1261 2024 1315 illam
2071 1262 2134 1315 in
2176 1259 2398 1315 domum
2424 1273 2604 1327 suam,
2645 1258 2734 1313 di-

1558 1347 1683 1387 cens
1711 1350 1730 1387 .·
1764 1331 1921 1389 Vade
1955 1332 2018 1386 in
2037 1330 2257 1386 domum
2283 1334 2463 1396 tuam3
2495 1332 2568 1397 et,
2593 1330 2647 1384 si
2670 1331 2734 1385 in

1557 1405 1740 1459 vicum
1769 1404 2072 1471 introieris,
2097 1402 2305 1456 nemini
2326 1401 2542 1456 diceet-is
2565 1400 2732 1456 mira-

1557 1474 1633 1531 ad
1686 1471 1953 1530 vanitatis
2003 1471 2358 1543 Jactantiam,
2414 1475 2480 1527 ut
2532 1469 2732 1527 mundi

1558 1545 1803 1617 gloriam
1829 1559 1938 1600 nos
1974 1543 2206 1599 doceret
2243 1543 2472 1614 sugere3
2509 1541 2612 1598 sed
2643 1545 2729 1596 ta-

1559 1631 1695 1674 men
1751 1614 1939 1671 dicere
1994 1617 2222 1686 poterat
2268 1618 2327 1672 et
2385 1612 2602 1682 debuit,
2658 1612 2733 1668 ad

1558 1685 2024 1758 praedicationem
2080 1683 2264 1742 laudis
2321 1682 2527 1741 divinae
2553 1700 2569 1753 3
2622 1683 2733 1739 hoc

1558 1757 1818 1814 nondum
1842 1756 2185 1827 intelligunt,
2216 1754 2312 1827 qui
2339 1753 2536 1812 omnia
2558 1768 2734 1826 opera

1560 1845 1684 1898 sua,
1716 1833 1782 1885 ut
1819 1828 1891 1885 ab
1927 1826 2260 1884 bominibus
2295 1826 2618 1893 videantur,
2648 1825 2733 1881 fa-

1560 1899 1737 1969 ciunt,
1753 1899 1831 1956 'de
1846 1896 2053 1970 quibus
2067 1897 2345 1955 Dominus
2372 1897 2484 1955 ait:
2501 1900 2730 1969 Recepe-
2774 1917 2783 1923 ·

1559 1975 1695 2027 runt
1720 1970 2016 2027 mercedem
2038 1986 2218 2038 suam,
2244 1972 2379 2026 vani
2405 1984 2626 2026 vanam.
2654 1968 2735 2024 Ne

1562 2057 1700 2113 ergo
1726 2039 1821 2098 hic
1859 2039 2103 2113 recipias
2132 2040 2480 2107 mercedem,
2510 2043 2568 2121 et
2597 2036 2736 2095 reci-

1560 2111 1769 2185 piendo
1795 2112 2004 2185 perdas
2032 2115 2340 2179 aeternam3
2367 2109 2736 2166 vitiositatem

1562 2187 1722 2239 tuam
1760 2182 1950 2309 potius
1977 2198 2206 2251 enarra,
2228 2196 2400 2253 quam
2434 2179 2733 2247 virtutem,

1562 2269 1760 2326 exemp
1783 2252 2086 2325 oApostoli
2106 2251 2367 2310 dicentis:
2386 2252 2495 2319 Qui
2509 2252 2602 2319 tui
2622 2250 2734 2305 bla-

1560 2327 1839 2396 sphemus,
1860 2328 1912 2380 et
1944 2327 2262 2395 persecutus
2288 2338 2411 2378 sam
2431 2322 2734 2378 Ecclesiam

1559 2399 1677 2453 Dei.
1710 2395 1871 2452 Unde
1898 2394 2248 2464 Auqustinus
2268 2412 2287 2449 ε
2317 2412 2347 2448 α
2372 2392 2470 2449 Vis
2494 2391 2733 2448 virtutes

1557 2470 1688 2525 tuas
1716 2464 1935 2538 augeri,
1965 2466 2211 2540 prodere
2234 2463 2376 2535 noli,
2398 2464 2528 2536 suge
2551 2462 2732 2546 videri

1559 2538 1715 2611 quod
1763 2554 1892 2595 esse
1942 2536 2220 2595 meruisti.
2279 2536 2441 2602 Quod
2493 2535 2731 2592 manife-

1555 2608 1759 2665 stando
1815 2611 1979 2680 potes
2022 2607 2307 2674 amittere,
2353 2605 2597 2661 tacendo
2642 2621 2733 2662 cu·
2829 2654 2837 2658 -

1556 2678 1706 2736 stodi
1737 2700 1753 2736 ι
1784 2678 1909 2734 haec
1933 2676 2301 2746 Auqustinus.
2337 2695 2361 2727 ι

1630 2754 1663 2805 6
1687 2750 1928 2805 MYs‘rxca
1946 2764 2109 2804 ausus
2131 2762 2384 2803 umanum
2397 2762 2732 2820 ,iernen-10.

1560 2819 1803 2876 -Circa
1819 2823 2010 2877 autem
2033 2820 2184 2875 hanc
2210 2817 2344 2874 caeci
2374 2816 2733 2873 sanationem

1557 2890 1640 2947 ait
1667 2891 1857 2946 Beda:
1885 2912 1907 2941 ι
1947 2889 2143 2946 Cuncti
2169 2888 2267 2961 qui
2292 2904 2328 2945 a
2357 2887 2601 2945 Domino
2632 2902 2735 2943 cu-

1559 2965 1763 3018 rantur
1808 2961 2135 3032 languores,
2177 2957 2562 3030 spiritualium
2610 2961 2744 3015 sunt

1561 3032 1727 3103 signa
1770 3031 2136 3102 languorum,
2168 3029 2375 3102 quibus
2404 3030 2597 3085 anima
2637 3043 2741 3100 per

1560 3106 1858 3174 peccatum
1886 3106 2116 3159 aeternae
2153 3099 2325 3157 morti
2368 3098 2736 3174 propinquat.

1563 3173 1721 3231 Sicut
1755 3172 1908 3230 enim
1949 3172 2010 3229 in
2059 3172 2232 3229 surdo
2275 3175 2334 3228 et
2379 3175 2536 3227 muto
2565 3186 2601 3227 a
2633 3171 2739 3226 Do-

1562 3245 1718 3301 mino
1785 3248 2008 3312 sanato,
2054 3241 2276 3300 sanatio
2330 3239 2539 3299 mentis
2595 3238 2737 3300 insi-

1564 3319 1774 3372 nuatur
1798 3329 2019 3383 eorum,
2050 3314 2147 3387 qui
2175 3329 2360 3385 neque
2387 3312 2585 3374 audire
2608 3326 2736 3370 ver-

1563 3387 1700 3443 bum
1742 3385 1866 3457 Dei,
1915 3401 2103 3457 neque
2145 3384 2303 3457 loqui
2346 3388 2648 3452 noverant,
2680 3387 2739 3441 et

1565 3472 1695 3513 mox
1732 3456 1794 3512 in
1840 3456 2148 3514 refectione
2185 3456 2371 3513 turbae
2408 3454 2734 3523 esurientis,

1607 3544 1696 3586 uae
1721 3526 2026 3584 Dominum
2051 3531 2247 3584 secuta
2271 3527 2456 3583 fuerat
2484 3524 2736 3582 suavitas

1609 3603 1846 3671 guratur
1891 3598 1990 3655 illa
2068 3613 2144 3655 ua
2183 3596 2280 3652 dili
2322 3594 2538 3652 entium
2576 3597 2740 3677 se·et

1565 3669 1943 3741 quaerentium
1987 3684 2049 3726 so
2075 3672 2132 3725 et
2169 3683 2268 3723 cor
2307 3682 2343 3723 a
2377 3664 2625 3735 nutrire3
2656 3669 2740 3721 lta

1565 3738 1627 3795 in
1667 3739 1776 3795 hoc
1826 3754 1979 3795 caeco
2021 3737 2298 3810 paulatim
2335 3740 2532 3793 curato
2561 3752 2597 3792 a
2623 3737 2738 3792 Do·

1567 3808 2098 3877 mino,illuminatio
2124 3807 2458 3888 designat-ur
2480 3805 2740 3863 cordium

1569 3879 1897 3948 stultorum,
1932 3894 1999 3935 ac
2042 3878 2212 3950 longe
2256 3893 2291 3934 a
2341 3892 2435 3934 via
2485 3875 2742 3933 veritatis

1569 3949 1979 4008 aberrantium.
2029 3950 2329 4021 Rogabant
2373 3951 2565 4005 autem
2612 3962 2744 4004 eum

1571 4025 1637 4077 ut
1683 4020 1843 4077 illum
1881 4023 2163 4092 tangeret,
2189 4021 2437 4076 scientes
2476 4018 2612 4090 quia
2660 4021 2741 4074 ta·

1571 4096 1697 4148 ctus
1752 4091 1997 4161 Domini,
2045 4091 2191 4148 sicut
2246 4090 2535 4162 leprosum
2582 4104 2744 4145 mun-

1571 4164 1732 4231 dare,
1762 4161 1842 4219 ita
1870 4164 2044 4220 etiam
2074 4169 2132 4219 et
2158 4177 2370 4218 caecum
2417 4158 2741 4216 illuminare

1570 4233 1807 4290 valeret.
1847 4234 2154 4306 Tangimus
2201 4236 2393 4290 autem
2439 4229 2741 4287 Dominum

1572 4320 1702 4372 nos,
1737 4319 1865 4361 cum
1901 4303 1956 4361 ei
1993 4304 2107 4361 fide
2156 4301 2380 4375 integra
2420 4307 2479 4359 et
2520 4300 2742 4358 sincera

1572 4375 1960 4445 adhaeremus;
1987 4373 2171 4449 tangit
2190 4390 2317 4446 nos,
2339 4388 2467 4431 cum
2491 4378 2739 4430 mentem
