3146 5023
329 412 423 465 2³0

335 515 581 590 quisque
643 514 953 582 desiderat,
1015 512 1190 570 talem
1248 529 1512 586 saporem

332 590 523 646 reddit
550 588 609 643 in
630 603 729 643 ore
754 586 897 658 eJus.
915 587 997 642 Tu
1024 601 1182 657 ergo,
1208 585 1253 641 si
1275 587 1511 643 verbum

332 660 461 730 Dei,
559 659 669 715 uod
715 657 777 713 in
834 655 1086 713 Ecclesia
1137 656 1507 728 praedicatur,

330 737 457 789 tota
480 676 595 787 flffie
624 734 681 785 et
713 732 837 785 tota
865 726 1170 784 devotione
1209 729 1509 801 suscipias,

338 805 440 860 fiet
476 802 576 858 tibi
608 800 793 872 ipsum
828 800 1066 855 verbum
1117 800 1513 870 quodcumque

337 873 640 931 desideras.
685 870 856 928 Verbi
900 871 1128 940 gratia:
1179 871 1225 926 si
1272 871 1512 929 tribula-

335 945 438 1013 riS,
469 942 792 999 consolatur
810 946 888 1009 te,
916 941 1151 997 dicens:
1182 944 1283 999 Cor
1312 947 1515 999 contri-

337 1021 455 1073 tum
483 1020 534 1071 et
570 1015 947 1081 humiliatum,
978 1017 1141 1082 Deus,
1180 1030 1289 1069 non
1323 1015 1511 1086 despi-

342 1090 478 1152 cies;
521 1084 567 1141 si
611 1085 822 1140 laetaris
858 1099 1145 1156 prospere,
1191 1085 1513 1142 futurorum

339 1158 594 1215 cumulat
618 1156 721 1212 tibi
751 1155 976 1227 gaudia,
1000 1155 1193 1212 dicens
1224 1172 1238 1210 t
1266 1160 1516 1213 Laetami-

338 1232 403 1286 m‘
428 1232 488 1285 in
515 1230 745 1285 Domino
771 1233 820 1283 et
836 1229 1111 1283 exsultate
1126 1228 1277 1297 justi
1287 1249 1303 1296 ς
1328 1229 1375 1284 si
1407 1229 1516 1285 ira·

340 1301 563 1358 cundus
596 1316 678 1369 eS,
705 1298 926 1371 mitigat
954 1306 1030 1368 te,
1050 1300 1241 1354 dicens
1273 1316 1288 1355 ε
1319 1300 1513 1356 desine

341 1374 415 1430 ab
447 1371 536 1428 ira
584 1375 643 1428 et
687 1370 953 1442 delinque
1002 1370 1252 1427 furorem
1277 1388 1290 1440 ;
1348 1371 1395 1428 si
1451 1371 1512 1426 in

336 1443 629 1501 doloribus
662 1459 746 1511 es,
776 1447 941 1499 sanat
969 1446 1026 1498 te
1052 1441 1248 1498 dicens
1273 1460 1287 1498 ε
1319 1441 1511 1500 Domi-

337 1531 446 1572 nus
480 1519 645 1571 sanat
673 1529 871 1572 omnes
900 1514 1206 1584 languores
1242 1518 1407 1582 tuos;
1463 1513 1508 1570 si

339 1586 403 1643 in
443 1589 778 1659 paupertate
825 1584 1208 1654 consumeriS,
1243 1585 1513 1642 consola—

343 1663 439 1715 tur
485 1663 542 1714 te
585 1658 780 1714 dicens
812 1673 826 1713 t
860 1656 1134 1713 Dominus
1187 1656 1393 1713 allevat
1442 1656 1513 1712 de

342 1736 501 1785 terra
533 1728 784 1800 inopem,
838 1732 895 1783 et
931 1728 1002 1783 de
1059 1732 1307 1783 stercore
1346 1727 1515 1799 erigit

343 1816 457 1872 pau
499 1816 675 1856 erem.
709 1798 798 1855 Sic
830 1814 965 1868 ergo
992 1813 1205 1854 manna
1226 1798 1383 1855 verbi
1413 1798 1514 1854 Dei

340 1872 446 1927 red
488 1876 545 1926 et
571 1869 632 1924 in
654 1885 752 1925 ore
776 1874 873 1925 tuo
902 1883 1165 1940 saporem
1194 1884 1517 1940 quemcum-

352 1957 461 2014 que
488 1939 736 1996 volueris
765 1957 780 1994 t
815 1960 843 1993 »
875 1940 998 1996 haec
1025 1940 1306 2008 oriqenes.

413 2017 446 2068 5
478 2014 580 2078 Qm
607 2029 840 2067 Faunus
872 2013 1070 2067 Donum
1112 2029 1168 2067 ιΝ
1199 2030 1365 2069 seusu
1395 2030 1509 2068 er-

338 2102 533 2141 ·rssnAm
554 2102 618 2139 er
639 2101 861 2139 ursrico
873 2085 900 2138 Τ
915 2115 985 2125 -
1003 2084 1202 2140 Adhuc
1217 2090 1408 2142 autem
1423 2101 1512 2155 e0‚

350 2156 566 2214 scilicet
603 2156 843 2213 Domino
888 2158 1023 2213 Jesu
1065 2156 1428 2227 praedicante,
1460 2162 1518 2213 et

349 2244 476 2300 quae
512 2245 683 2300 supra
711 2228 866 2284 dicta
901 2232 1035 2283 sunt
1078 2229 1153 2283 ad
1214 2229 1404 2284 turbas
1443 2231 1514 2282 lo-

348 2306 565 2370 quente,
601 2314 715 2354 ecce
737 2305 912 2355 mater
940 2300 1059 2368 ejus
1093 2304 1144 2354 et
1188 2302 1415 2367 fratreS,
1457 2299 1515 2354 id

345 2375 434 2426 est
462 2369 869 2439 consanguinei
903 2374 1197 2437 venerunt,
1228 2375 1280 2423 et
1293 2370 1517 2426 stabant

347 2443 490 2509 foris
521 2447 817 2510 quaerentes
847 2455 986 2494 eum.
1014 2436 1166 2495 Licet
1185 2439 1335 2495 enim
1367 2442 1513 2497 Pha-

345 2510 497 2568 risaei
558 2515 747 2567 essent
799 2509 954 2566 mixti
1008 2527 1134 2567 cum
1187 2511 1387 2581 turbis,
1424 2518 1514 2569 ta·

348 2599 481 2639 men
531 2581 919 2655 principaliter
969 2583 1316 2655 praedicabat
1368 2601 1514 2658 pro-

341 2660 469 2727 pter
496 2656 693 2711 turbas
728 2654 1085 2712 erudiendas.
1132 2658 1199 2711 Et
1238 2656 1389 2727 quia,
1429 2658 1511 2713 fa-

321 2726 526 2783 ciliter
550 2743 679 2783 eum
709 2726 867 2782 adire
893 2743 1011 2798 prae
1051 2730 1217 2784 turba
1250 2745 1365 2784 non
1393 2734 1513 2800 pot·

343 2803 528 2867 erant,
556 2802 612 2853 et
639 2797 807 2853 etiam
834 2814 906 2854 ne
932 2799 1172 2854 fructum
1194 2798 1370 2854 divini
1391 2816 1512 2855 ver-

342 2869 398 2927 bi
431 2868 795 2941 impedirent,
822 2872 963 2937 foris
989 2870 1238 2937 stabant3
1269 2875 1324 2925 et
1350 2872 1510 2927 mise-

343 2945 480 2998 runt
507 2941 580 2998 ad
601 2957 734 2998 eum
757 2947 1022 2998 vocantes
1051 2941 1256 3013 ipsum.
1286 2944 1512 3000 Fratres

346 3012 439 3068 hic
467 3019 740 3069 vocantur
779 3013 1103 3071 consobrini
1133 3013 1379 3083 Domini,
1411 3031 1512 3070 se—

344 3085 592 3141 cundum
631 3101 848 3141 morem
875 3086 1201 3143 Judaeorum
1239 3091 1296 3141 et
1325 3088 1510 3142 Sacrae

342 3156 666 3226 Scripturae,
703 3172 828 3226 quae
868 3173 1018 3227 saepe
1057 3157 1511 3229 consanguineos

344 3225 487 3279 solet
503 3226 707 3279 fratres
731 3226 1043 3283 nominare.
1068 3230 1148 3288 Et.
1174 3244 1301 3283 cum
1327 3229 1510 3284 Domi-

338 3310 445 3349 nus
461 3299 584 3373 erat
600 3304 904 3364 occupatus
919 3296 979 3352 in
996 3298 1183 3353 officio
1200 3297 1509 3369 praedican-

338 3364 417 3430 di,
441 3378 624 3434 primo
650 3379 794 3419 unus
820 3371 875 3419 et
898 3373 1025 3435 post
1044 3368 1201 3423 illum
1226 3370 1418 3440 plures
1439 3371 1507 3424 de

338 3436 505 3490 turba
526 3439 867 3489 monuerunt
892 3451 1044 3505 eum,
1077 3439 1229 3493 dixit
1257 3445 1438 3494 autem
1459 3442 1510 3493 ει·

341 3507 612 3576 quidam:
651 3507 787 3560 Ecce
824 3511 1000 3560 mater
1037 3512 1154 3574 tua,
1203 3512 1255 3563 et
1299 3511 1506 3575 fratres

340 3580 426 3633 tui
453 3579 594 3646 soris
630 3580 782 3632 stant
819 3582 1116 3648 quaerentes
1153 3582 1204 3633 te
1225 3618 1238 3633 .
1283 3578 1380 3634 Isti
1414 3579 1506 3635 in-

342 3648 516 3706 sidias
544 3649 878 3717 tendebant,
910 3665 976 3705 ac
1014 3648 1295 3706 malitiose
1323 3654 1379 3706 et
1403 3649 1506 3707 in—

341 3721 600 3778 sidiando
653 3720 777 3777 haec
840 3719 1121 3789 dicebant,
1176 3720 1391 3779 scilicet
1432 3723 1504 3779 ad

337 3794 673 3850 tentandum
711 3795 768 3850 et
805 3792 1238 3864 explorandum,
1280 3792 1327 3850 si
1366 3810 1503 3850 car-

340 3864 429 3946 uis
478 3865 685 3922 affectu
725 3864 1190 3937 praedicationem
1221 3864 1503 3939 inceptam

336 3936 667 4007 dimitteret,
702 3936 791 3994 vel
823 3937 1268 4009 interrumperet
1288 3956 1303 4008 ;
1339 3944 1420 4008 ut,
1454 3939 1501 3995 si

334 4007 615 4079 spirituali
654 4008 811 4081 operi
851 4010 1146 4081 praet'erret
1183 4026 1416 4067 carnem
1444 4017 1503 4067 et

334 4080 666 4151 sanguinem
691 4122 705 4148 ,
765 4087 1070 4152 arguerent
1131 4080 1317 4154 ipsum
1375 4099 1500 4139 esse

334 4164 537 4231 purum
568 4150 880 4222 hominem,
907 4158 1102 4210 natum
1143 4160 1377 4225 propter
1415 4155 1497 4209 af-

334 4224 636 4300 tectionem
689 4224 996 4295 carnalem,
1037 4230 1093 4281 et
1137 4230 1203 4281 ut
1256 4240 1328 4297 po
1372 4226 1499 4282 ulus

333 4290 531 4372 videus
561 4293 711 4362 quod
742 4301 1010 4364 parentes
1039 4297 1298 4352 carnales
1369 4298 1496 4353 abe-

334 4364 440 4430 ret,
471 4376 658 4433 ipsum
687 4363 892 4422 Filium
930 4364 1031 4423 Dei
1065 4380 1186 4421 non
1213 4366 1492 4437 crederet,

1055 407 1272 461 PRIMAE
1325 407 1563 463 PAers
1616 407 1822 462 CAPUT
1874 405 2064 460 LXXV

1625 530 1754 571 cum
1782 516 1935 571 Deus
1960 510 2268 570 carnaliter
2295 526 2411 568 non
2447 515 2707 594 generet.
2733 513 2808 568 Et

1625 586 1752 643 ideo
1821 585 2028 643 multas
2081 583 2376 656 implicant
2428 587 2807 640 circumstan-

1622 658 1754 725 tias,
1788 674 1915 729 quae
1945 656 2132 729 ipsum
2161 671 2391 711 movere
2420 659 2692 726 poterant
2724 655 2803 712 ad

1623 729 1985 798 cessandum,
2007 728 2260 784 dicentes
2285 746 2302 782 .·
2328 729 2464 782 Ecce
2485 731 2660 782 mater
2673 731 2797 796 tua,

1624 817 1749 873 quae
1798 817 1833 857 a
1868 803 1984 857 Deo
2030 798 2360 871 praecipitur
2406 797 2700 868 honorari,
2739 804 2800 855 et

1621 875 1827 942 fratres
1854 875 1960 941 tui,
1992 887 2133 942 quos
2163 876 2221 926 et
2248 875 2454 926 natura
2483 876 2538 925 et
2565 873 2673 927 Lex
2706 870 2792 941 ju-

1622 946 1719 1001 bet
1747 943 1928 1013 diligi,
1962 945 2104 1010 foris
2133 947 2304 1009 stant,
2340 940 2557 997 scilicet
2589 957 2798 1011 exspe-

1625 1020 1841 1072 ctantes
1870 1024 1926 1069 te
1955 1014 2014 1069 in
2046 1014 2168 1070 loco
2200 1012 2487 1081 exteriori,
2513 1011 2613 1069 ubi
2641 1029 2800 1068 vere-

1625 1086 1877 1143 cundum
1908 1091 1993 1141 est
2022 1090 2196 1152 stare,
2225 1092 2522 1155 quaerentes
2553 1090 2624 1154 te,
2657 1099 2798 1155 qua-

1623 1160 1670 1214 si
1701 1162 1933 1229 propter
1961 1162 2015 1212 te
2042 1163 2266 1213 tantum
2295 1155 2590 1223 venerint3
2622 1160 2678 1212 et
2706 1154 2795 1211 id·

1623 1245 1691 1285 eo
1722 1229 1896 1285 debes
1926 1228 2127 1284 merito
2163 1229 2234 1284 ad
2261 1244 2361 1284 eos
2388 1227 2601 1298 egredi.
2636 1226 2795 1283 Unde

1623 1300 1702 1357 ait
1730 1302 2141 1370 chrysostomus
2169 1319 2185 1354 ε
2214 1320 2244 1353 «
2267 1297 2483 1357 Videns
2508 1298 2792 1366 diabolus,

1623 1370 1758 1442 quia
1786 1372 2167 1443 persuadebat
2197 1371 2406 1453 populo
2437 1369 2692 1426 Christus
2734 1385 2796 1425 se

1622 1459 1748 1500 esse
1774 1443 1978 1500 Filium
2005 1442 2125 1513 Dei,
2159 1443 2353 1499 dicens
2386 1459 2400 1497 z
2432 1444 2505 1497 Et
2529 1457 2642 1498 ecce
2668 1443 2797 1513 plus

1623 1532 1790 1585 quam
1852 1517 2110 1572 Salomon
2172 1517 2290 1579 hic;
2338 1512 2548 1569 timens
2607 1528 2699 1578 ne,
2749 1510 2795 1567 si

1622 1585 1798 1643 Filius
1827 1585 1929 1643 Dei
1959 1589 2417 1656 cognosceretur,
2442 1584 2539 1654 qui
2566 1584 2800 1656 putaba-

1622 1662 1717 1714 tur
1769 1658 1962 1726 homo,
2017 1656 2139 1728 ipse
2183 1656 2685 1725 derelinqueretur
2722 1654 2797 1710 ab

1624 1728 1885 1786 omnibus
1913 1745 1926 1796 ;
1953 1728 2022 1782 ad
2040 1726 2463 1782 convincendos
2492 1741 2802 1781 sermones

1625 1802 1767 1871 eJus,
1819 1797 2238 1856 subintroduxit
2295 1800 2563 1868 parentes
2610 1795 2801 1866 ipsius

1625 1871 1904 1939 carnaleS,
1957 1873 2018 1925 ut
2055 1884 2159 1950 per
2201 1883 2400 1924 eorum
2443 1866 2805 1937 contempla-

1623 1943 1839 1999 tionem
1901 1938 2215 1996 divinitatis
2278 1940 2401 2022 ejus
2458 1939 2802 1995 obscuraret

1623 2019 1907 2071 naturam.
1936 2012 2184 2082 Ideoque
2202 2018 2361 2067 venit
2381 2009 2607 2080 aliquiS,
2631 2009 2798 2080 quasi

1625 2085 1839 2143 diaboli
1885 2085 2214 2147 advocatus,
2264 2081 2359 2155 qui
2399 2083 2655 2138 humano
2691 2097 2793 2137 ore

1624 2159 1800 2214 verba
1837 2155 2119 2213 diabolica
2158 2156 2507 2226 loqueretur,
2547 2152 2742 2209 dicens
2776 2169 2791 2207 τ

1626 2231 1768 2285 Ecce
1796 2233 1980 2284 mater
2009 2234 2103 2283 tua
2146 2231 2203 2282 et
2250 2227 2457 2283 fratres
2518 2223 2601 2280 tui
2654 2224 2795 2280 foris

1626 2304 1797 2368 stant,
1849 2299 2103 2354 volentes
2160 2297 2316 2378 loqui
2371 2302 2579 2352 tecum.
2625 2296 2704 2351 Ac
2746 2294 2794 2350 si

1626 2371 1776 2427 dicat
1801 2387 1821 2425 .:
1852 2369 1995 2436 Quid
2026 2367 2311 2440 gloriarls,
2343 2384 2376 2424 o
2405 2370 2560 2436 Jesu,
2594 2366 2664 2423 de
2685 2382 2795 2422 coe-

1625 2442 1679 2498 lo
1718 2441 1914 2497 dicens
1968 2445 2026 2496 te
2084 2438 2467 2508 descendisse,
2495 2437 2590 2510 qui
2628 2437 2794 2493 radi—

1627 2531 1720 2571 ces
1747 2515 1925 2570 habes
1956 2513 2016 2570 in
2053 2513 2257 2569 terra?
2292 2516 2431 2569 Ecce
2477 2515 2660 2567 mater
2696 2515 2795 2566 tua

1624 2590 1682 2642 et
1711 2587 1938 2642 fratres.
1975 2587 2097 2641 Non
2125 2589 2289 2658 potes
2319 2599 2443 2640 esse
2470 2582 2642 2639 Filius
2668 2581 2789 2646 Dei,

1626 2674 1794 2728 quem
1821 2655 2081 2714 homines
2102 2660 2450 2727 genuerunt3
2486 2670 2602 2710 non
2629 2657 2793 2725 potes

1623 2728 1683 2785 in
1718 2734 1773 2785 te
1798 2728 1982 2783 filium
2012 2727 2388 2794 abscondere,
2425 2740 2594 2796 quem
2624 2728 2792 2781 natu-

1622 2816 1688 2855 ra
1720 2799 2050 2856 convincit:
2092 2820 2121 2850 »
2177 2800 2300 2854 haec
2354 2799 2794 2866 chrysostomum

1625 2872 1714 2927 Sic
1744 2875 1801 2927 et
1829 2870 1999 2927 hodie
2028 2868 2496 2942 multis‘praelatis
2522 2871 2795 2939 procurat

1621 2942 1884 3000 diabolus
1953 2944 2401 3015 propinquorum
2478 2938 2794 2996 multitudi-

1621 3031 1775 3085 nem,
1799 3014 1938 3071 utin
1965 3014 2178 3071 carnali
2204 3013 2506 3070 affectione
2532 3013 2798 3068 obscuret

1622 3102 1820 3143 eorum
1860 3085 2195 3156 dignitatem
2230 3091 2288 3142 et
2317 3083 2697 3141 sanctitatem.
2729 3085 2797 3138 Et

1621 3158 1765 3213 bene
1781 3156 2004 3225 dicitur,
2028 3157 2161 3229 quia
2177 3156 2313 3212 soris
2330 3159 2501 3221 stant,
2526 3154 2598 3209 ad
2617 3153 2794 3224 signi-

1620 3228 1932 3293 ficandum,
1968 3227 2118 3297 quod
2148 3226 2405 3282 carnales
2434 3224 2596 3279 amici
2625 3224 2796 3281 cleri-

1620 3314 1815 3353 corum
1842 3298 2052 3353 debent
2076 3313 2200 3351 esse
2231 3293 2434 3350 remoti
2464 3295 2536 3348 ab
2567 3294 2672 3361 eiS,
2704 3296 2794 3352 vel

1621 3370 1821 3423 saltem
1857 3384 1891 3422 a
1938 3366 2205 3422 cordibus
2253 3379 2472 3431 eorum,
2516 3368 2795 3433 quantum

1619 3440 1689 3494 ad
1715 3438 1999 3493 carnalem
2038 3437 2345 3504 affectum3
2396 3440 2453 3490 et
2490 3438 2683 3491 tamen
2733 3438 2793 3494 in

1618 3508 1812 3564 multis
1844 3506 2100 3562 videmus
2132 3507 2302 3563 hodie
2327 3505 2792 3563 contrarium.—

1619 3578 1870 3650 Mystice,
1908 3578 2221 3635 secundum
2261 3579 2489 3647 Bedam,
2512 3584 2698 3635 mater
2735 3585 2791 3636 et

1615 3651 1819 3707 fratres
1846 3653 1980 3708 Jesu
2008 3655 2245 3722 possunt
2274 3648 2385 3706 dici
2415 3666 2707 3721 synagoga
2736 3655 2791 3707 et

1615 3721 1818 3790 Judaei,
1859 3738 1924 3778 ex
1977 3721 2185 3793 quibus
2218 3721 2533 3779 secundum
2561 3738 2789 3778 carnem

1616 3799 1699 3851 est
1742 3793 1949 3863 edituS,
1983 3796 2097 3864 ,qui
2131 3793 2270 3851 foris
2303 3800 2452 3850 stare
2501 3793 2786 3862 dicuntur,

1615 3867 1835 3924 Christo
1891 3865 2257 3938 praedicante,
2305 3867 2461 3938 quia,
2514 3864 2789 3921 Gentibus

1616 3936 1839 3994 Christo
1883 3937 2267 4006 credentibus,
2311 3951 2609 4009 synagoga
2660 3951 2789 3991 cum

1610 4013 1640 4066 J
1647 4009 1823 4066 udaeis
1849 4014 2006 4066 extra
2024 4009 2199 4066 fldem
2221 4008 2429 4066 mansit
2450 4022 2554 4079 pro
2581 4006 2786 4079 majori

1610 4086 1794 4153 parte.

1680 4158 1713 4221 4
1741 4155 1861 4209 Nou
1891 4169 2318 4208 mreamrrsnm
2347 4165 2557 4206 ormont
2600 4166 2788 4205 1³1va

1608 4242 1849 4281 norrea
1906 4240 2326 4287 rnormouoatm
2376 4239 2672 4278 Arrec‘ruu.
2718 4251 2789 4262 —-

1608 4298 1675 4351 Et
1707 4297 2014 4352 notandum
2041 4297 2110 4351 de
2144 4295 2310 4350 beata
2342 4292 2597 4365 Virgine,
2630 4292 2784 4363 quod

1605 4375 1896 4438 tamquam
1925 4364 2018 4437 pia
2045 4371 2230 4423 mater
2260 4364 2464 4422 Filium
2489 4364 2788 4435 quaerebat
