3146 5023
2321 236 2352 269 q

346 380 415 436 ω
1120 370 1338 424 PRIMAE
1391 368 1633 423 PARTIS
1677 362 1896 421 ‘CAPUT
1951 367 2064 421 Lvl

347 485 407 542 id
444 485 533 540 est
567 483 875 557 postquam
901 474 1074 547 coepit
1105 478 1360 557 Joannes
1388 491 1535 558 prae·

346 555 538 613 dicare
569 549 1031 608 consecutionem
1080 562 1245 619 regni
1278 548 1530 623 coelestis

346 642 451 699 per
463 622 877 697 poenitentiam‚
890 635 1064 702 usque
1072 635 1217 673 nunc
1232 617 1529 688 inclusive,

385 698 482 754 uia
511 700 735 765 tempus
764 696 987 764 gratlae,
1022 705 1057 745 a
1093 693 1351 760 tempore
1381 706 1529 761 prae-

345 713 648 825 gicatiouis
693 761 932 821 Joannis
986 760 1337 830 inchoatum,
1379 777 1529 816 sem-

344 854 448 911 per
481 837 609 905 erit,
650 832 926 906 quamdiu
969 848 1115 888 nunc
1155 831 1267 888 dici
1316 836 1525 903 potest,

343 914 401 966 et
429 925 610 980 usque
648 907 723 963 ad
775 906 954 961 finem
1008 902 1210 960 mundi
1249 902 1526 984 durabit-3

338 997 568 1050 reanum
599 980 852 1035 coelorum
875 978 989 1030 vim
1016 978 1235 1044 patitur
1276 990 1312 1030 a
1342 990 1527 1045 poem-

336 1051 616 1118 tentibus3
647 1053 699 1104 et
735 1048 986 1114 violenti,
1034 1044 1116 1101 illi
1168 1044 1386 1126 scilicet
1430 1044 1528 1127 qui

338 1139 455 1179 non
485 1120 752 1177 videntur
779 1119 994 1174 habere
1017 1116 1134 1188 juS,
1162 1121 1309 1172 sleut
1336 1116 1523 1187 publi-

341 1192 467 1250 cani
496 1196 555 1248 et
585 1194 935 1263 peccatoreS,
968 1189 1201 1259 rapiunt
1232 1189 1402 1253 illud,
1438 1203 1528 1243 ex-

339 1262 514 1320 clusis
555 1260 770 1320 scilieet
825 1259 960 1315 filiis
1013 1257 1196 1329 regni.
1261 1259 1307 1313 A
1352 1257 1525 1313 simili

339 1335 551 1392 dietum
592 1337 700 1400 est,
741 1330 888 1388 sicut
930 1329 977 1385 si
1011 1328 1243 1399 aliquod
1280 1345 1522 1384 reo‘num

340 1407 535 1464 datum
558 1408 708 1460 esset
730 1400 1034 1469 extraneiS‚
1065 1398 1228 1471 quasi
1254 1369 1524 1456 violentia

336 1477 630 1533 videretur
665 1472 884 1529 inferri
933 1471 1057 1543 ipso
1106 1487 1305 1542 regno.
1365 1471 1523 1527 Unde

329 1550 586 1604 Hilarius
610 1564 624 1601 ε
662 1564 691 1598 «
721 1549 968 1612 Reqnum
991 1544 1252 1598 coelorum
1276 1544 1389 1596 vim
1419 1559 1518 1611 pa-

330 1622 491 1686 titur,
525 1616 660 1690 quia
693 1615 878 1686 gloria
911 1613 1011 1670 Dei
1051 1613 1228 1669 Israel
1262 1613 1521 1694 patribus

334 1689 548 1757 debita,
590 1704 625 1743 a
669 1684 970 1757 Prophetis
1018 1688 1426 1755 praenuntlata‚
1487 1700 1522 1740 a

338 1760 562 1818 Christo
609 1760 822 1824 oblata,
874 1756 988 1810 fide
1037 1754 1304 1810 Gentium
1352 1771 1519 1811 occu·

338 1835 528 1902 patur‚
583 1830 722 1885 dum
754 1843 875 1953 (fer
920 1824 1313 1894 poenitentiam
1349 1841 1521 1896 quam

336 1904 586 1958 Joannes
631 1915 749 1970 prae
793 1895 986 1964 inavit,
1033 1896 1233 1951 fideles
1289 1897 1363 1952 ad
1404 1912 1518 1952 coe·

335 1971 537 2028 lestem
567 1969 833 2042 patriam,
875 1965 1036 2039 quasi
1074 1966 1132 2022 in
1160 1967 1346 2022 locum
1380 1968 1519 2023 alie-

324 2058 461 2099 num
491 2045 811 2114 penetrant.
844 2061 873 2091 »
928 2039 1090 2094 Unde
1117 2043 1176 2094 et
1204 2040 1521 2107 chrysosto-

331 2130 489 2169 mus:
529 2112 757 2169 «Vides
786 2127 922 2183 ergo
966 2108 1100 2180 quia
1149 2125 1388 2180 magnus
1433 2114 1521 2166 est

331 2188 605 2253 JoanneS,
629 2183 689 2239 in
718 2185 877 2254 qu'us
924 2187 1181 2250 tempore
1215 2185 1374 2237 tanta
1395 2197 1525 2251 gra-

280 2277 287 2283 ·
332 2255 414 2312 tia
446 2257 627 2311 effusa
653 2259 737 2311 est
779 2270 949 2325 super
975 2258 1226 2320 terram3
1262 2257 1318 2307 et
1367 2253 1519 2322 quod

332 2325 395 2381 in
433 2326 634 2382 diebus
682 2324 936 2380 omnium
988 2323 1399 2392 Prophetarum
1439 2324 1519 2379 sa·

334 2401 488 2452 ctum
505 2412 622 2451 non
650 2400 756 2464 est,
776 2394 835 2449 in
855 2393 1007 2449 illius
1023 2397 1282 2464 tempore
1305 2393 1515 2449 factum

329 2471 436 2537 est,
478 2472 535 2524 et
583 2466 704 2539 ipse
744 2467 929 2522 sactus
973 2468 1061 2520 est
1113 2465 1314 2537 gratiae
1346 2465 1514 2537 huJus

329 2538 595 2596 minister
620 2556 634 2593 ε
677 2557 706 2591 »
737 2539 860 2593 haec
886 2539 1321 2605 chrysostomus.

403 2631 462 2666 12
497 2611 636 2677 Qum
687 2627 767 2664 sn·
799 2624 1090 2664 VIOLENTIA
1136 2625 1356 2664 REGNUM
1402 2625 1508 2663 1:OE-

263 2739 283 2758 ,
323 2696 504 2737 Lomm
529 2680 776 2737 upana?
794 2708 864 2722 -·
887 2681 939 2735 A
961 2679 1153 2734 diebus
1182 2695 1317 2749 ergo
1348 2682 1515 2735 Joan-

322 2756 412 2809 nis
453 2769 683 2821 reqnum
710 2753 964 2808 coelorum
1003 2749 1187 2822 patuit
1220 2750 1507 2820 poeniten-

324 2823 498 2892 tibus,
553 2839 588 2879 a
626 2823 831 2893 quibus
862 2825 975 2877 vim
1003 2823 1227 2891 patitur
1280 2826 1338 2876 et
1395 2821 1509 2877 vio-

325 2895 515 2952 lenter
539 2896 796 2965 rapitur:
831 2893 966 2964 quia
986 2892 1202 2963 primus
1231 2891 1509 2963 poeniten-

319 2967 459 3022 tiam
506 2965 858 3038 mendicavit,
909 2980 1022 3036 qua
1058 2964 1210 3019 velut
1257 2964 1503 3034 quadam

318 3036 590 3095 violentia
633 3055 737 3094 nos
766 3034 1094 3109 affligendO,
1137 3039 1193 3091 et
1242 3050 1344 3105 pro
1377 3050 1507 3106 pec·

321 3108 461 3164 catis
492 3108 913 3175 satisfaciendO,
938 3122 1180 3175 regnum
1205 3107 1498 3175 coelorum,

320 3178 482 3248 quasi
511 3179 764 3246 violenti,
813 3194 926 3233 non
963 3177 1133 3249 pigri,
1166 3176 1418 3246 rapimus
1444 3182 1501 3232 et

316 3247 619 3304 intramus,
642 3250 689 3303 A
716 3264 826 3318 quo
858 3247 1008 3303 enim
1056 3263 1162 3319 per
1203 3253 1499 3318 peccatum

312 3317 484 3375 alieni
515 3319 647 3374 facti
690 3334 905 3386 sumuS‚
959 3318 1014 3374 vi
1061 3326 1117 3373 et
1145 3318 1350 3374 virtute
1383 3335 1502 3390 poe·

313 3387 569 3446 nitentiae
598 3388 945 3460 acquirimus
972 3406 986 3457 ;
1031 3393 1087 3444 et
1118 3388 1178 3445 id
1208 3390 1360 3459 quod
1398 3407 1500 3446 110-

318 3459 405 3516 bis
439 3460 511 3517 de
539 3461 669 3531 jure
709 3476 823 3515 non
875 3460 1134 3528 debetur,
1190 3460 1386 3517 labore
1440 3466 1498 3517 et

316 3530 584 3588 violentia
613 3530 886 3603 rapimuS.
930 3529 1101 3597 Quasi
1130 3546 1334 3601 rapere
1365 3531 1495 3602 qui-

310 3603 442 3659 dem
471 3608 558 3660 est
584 3603 684 3660 ubi
717 3602 933 3658 nullum
959 3603 1052 3673 jus
1103 3602 1404 3671 habemuS‚
1439 3610 1495 3659 et

312 3675 463 3746 quod
487 3676 838 3747 Angelorum
867 3678 953 3729 est
983 3674 1266 3744 possessio
1303 3676 1494 3745 acqui-

309 3761 458 3805 rere.
485 3749 608 3804 Non
638 3751 826 3818 potest
849 3745 1004 3800 enim
1035 3747 1207 3801 homo
1235 3749 1403 3801 natus
1432 3745 1492 3802 in

312 3820 468 3873 terra
503 3834 707 3889 rapere
760 3818 983 3886 coelum,
1025 3815 1135 3872 nisi
1170 3816 1275 3873 sibi
1323 3815 1496 3873 faciat

309 3886 662 3958 violentiam,
699 3889 1013 3946 coercendo
1043 3905 1075 3945 a
1107 3887 1494 3944 delectationi-

312 3959 419 4016 bus
443 3961 738 4033 proprium
760 3960 1073 4033 appetitum
1103 3965 1159 4015 et
1188 3960 1492 4030 subJugan-

307 4029 380 4086 do
410 4031 637 4103 spiritui
666 4048 895 4094 carnem
933 4047 1114 4089 suam.
1168 4031 1328 4086 Unde
1356 4033 1489 4085 Hie-

309 4117 572 4171 ronymus
602 4123 620 4158 .-
644 4123 675 4155 «
707 4103 949 4159 Grandis
976 4109 1063 4160 est
1081 4100 1355 4158 violentia
1384 4118 1488 4157 nos

310 4170 371 4227 in
396 4177 550 4229 terra
578 4173 800 4245 genitos
830 4190 975 4242 esse,
1009 4179 1065 4229 et
1098 4173 1369 4229 coelorum
1403 4189 1487 4229 se-

308 4241 438 4298 dem
475 4260 733 4315 quaerere
759 4263 773 4314 ;
804 4245 1101 4318 possidere
1150 4260 1255 4316 per
1305 4244 1483 4298 virtu-

317 4328 428 4383 em,
446 4316 599 4387 quod
618 4332 733 4373 non
750 4322 1013 4374 tenemus
1025 4331 1130 4388 per
1143 4320 1427 4372 naturam.
1449 4334 1478 4370 »

1642 472 1801 530 Unde
1838 476 1897 528 et
1920 472 2286 528 Ambo-mimz
2317 491 2349 526 u
2367 471 2458 530 ‘Et
2485 473 2618 530 ideo
2651 473 2832 533 facia·-

1643 561 1770 601 mus
1789 542 1904 600 vim
1930 558 2109 625 regno
2136 543 2428 600 caelorum.
2449 543 2651 602 Omnis
2676 544 2834 604 enim

1644 616 1741 687 qui
1771 615 1887 671 vim
1917 615 2076 683 facit,
2106 614 2431 671 vehementi
2471 615 2661 672 studio
2696 633 2833 689 pro-

1640 690 1826 757 perat,
1871 702 1989 742 non
2025 685 2276 766 torpenti
2306 686 2570 743 lentescit
2595 688 2828 760 affectu,

1642 762 1700 813 et
1732 757 1861 814 ideo
1897 756 2011 813 vim
2044 757 2284 813 facimus
2313 763 2561 828 naturae,
2614 763 2677 816 ut
2713 776 2831 818 non

1641 829 1713 884 ad
1743 834 1976 884 terrena
2000 827 2199 883 demer
2239 832 2317 897 at,
2345 831 2446 885 sed
2474 831 2548 886 ad
2580 846 2831 902 superna

1642 916 1702 955 se
1734 899 2012 970 subrigat.
2042 918 2071 952 »
2100 900 2185 955 Un
2230 915 2261 955 e
2285 899 2458 956 etiam
2487 902 2790 970 Greqorius
2810 922 2828 958 ε

1643 990 1671 1023 «
1689 971 1831 1028 Cum
1852 974 2184 1041 peccatores
2198 970 2270 1026 ad
2287 971 2684 1042 poenitentiam
2703 973 2831 1031 red—

1641 1046 1796 1108 eunt,
1827 1042 1991 1112 quasi
2015 1041 2074 1097 in
2093 1041 2282 1098 locum
2307 1042 2560 1099 alienum
2589 1043 2826 1115 intrant,

1640 1119 1697 1169 et
1743 1112 2024 1169 violenter
2060 1128 2301 1183 regnum
2349 1114 2624 1171 coelorum
2671 1117 2829 1188 rapi-

1637 1188 1761 1240 unt.
1781 1205 1809 1235 »
1833 1187 1900 1239 Et
1918 1183 2164 1240 iterum:
2188 1203 2216 1237 «
2237 1185 2642 1256 Recogitemus
2661 1202 2822 1258 erge,

1638 1255 1844 1310 fratres
1856 1255 2158 1336 carissimi²
2171 1256 2324 1311 mala
2347 1271 2475 1326 quae
2498 1257 2758 1327 fecimuS,
2770 1263 2828 1315 et

1637 1324 2020 1397 nosmetipsos
2045 1325 2293 1383 asfflduis
2316 1327 2584 1384 lamentis
2614 1333 2825 1386 attera-

1636 1413 1795 1453 mus:
1821 1398 2198 1454 hereditatem
2211 1399 2495 1470 J‘ustorum
2509 1416 2680 1470 quam
2702 1416 2823 1457 non

1635 1468 1922 1525 tenuimus
1940 1485 2042 1540 per
2058 1468 2254 1538 vitam,
2276 1468 2567 1539 rapiamus
2587 1487 2691 1542 per
2707 1487 2825 1543 poe-

1635 1539 1957 1595 nitentiam.
1999 1540 2131 1596 Vult
2163 1556 2199 1596 a
2248 1540 2417 1597 nobis
2456 1543 2822 1614 omnipotens

1637 1612 1785 1667 Deus
1823 1612 1995 1666 talem
2024 1610 2356 1667 violentiam
2400 1616 2645 1684 perpeti,
2684 1630 2820 1674 nam

1633 1697 1873 1752 regnum
1904 1683 2175 1738 coelorum
2199 1681 2321 1754 rapi
2346 1683 2464 1739 vult
2490 1685 2699 1741 nostris
2720 1686 2821 1742 fle-
2852 1696 2859 1705 '

1633 1752 1806 1821 tibus,
1834 1753 1986 1823 quod
2015 1751 2227 1809 nostris
2252 1753 2469 1810 meritis
2499 1772 2617 1812 non
2640 1756 2820 1813 debe-

1633 1828 1746 1881 tur.
1786 1844 1815 1874 »
1849 1825 2008 1880 Unde
2039 1829 2098 1880 et
2123 1826 2395 1881 Eusebius
2429 1843 2443 1881 :
2479 1848 2508 1878 «
2540 1829 2663 1884 Non
2693 1826 2820 1884 sine

1631 1894 1901 1950 violentia
1931 1895 2057 1951 fieri
2088 1899 2294 1966 potest,
2334 1901 2398 1952 ut
2426 1896 2819 1970 unusquisque

1630 1964 1985 2022 iracundiam
2028 1967 2328 2038 patientia,
2362 1969 2691 2040 superbiam
2714 1971 2819 2027 hu-

1632 2036 1872 2092 militate
1930 2043 2259 2106 commutet,
2287 2054 2484 2095 amore
2513 2045 2819 2113 pauperta-

1630 2107 1706 2162 tis
1735 2113 1790 2163 et
1819 2107 2149 2179 indigentiae
2177 2110 2531 2166 affluentiam
2560 2116 2812 2183 superet,

1635 2178 2005 2235 vinolentiam
2044 2180 2371 2250 sobrietate,
2404 2181 2682 2239 luxuriam
2718 2200 2814 2240 ca-

1633 2249 1826 2306 stitate
1874 2255 2203 2320 commutet,
2236 2257 2292 2309 et
2325 2253 2495 2309 homo
2527 2255 2713 2311 subito
2754 2254 2814 2312 in

1630 2320 1816 2376 virum
1841 2321 2086 2378 alterum
2117 2327 2555 2393 ·transmutetur;
2591 2325 2752 2381 etsie
2778 2342 2813 2383 a

1627 2391 1842 2448 talibus
1870 2408 1975 2463 per
2005 2392 2334 2450 violentiam
2374 2410 2613 2465 regnum
2645 2397 2813 2453 coelo-

1626 2480 1755 2519 rum
1781 2463 2071 2535 diripitur.
2094 2485 2123 2516 »
2150 2466 2309 2523 Unde
2328 2467 2498 2523 etiam
2519 2466 2577 2523 in
2598 2468 2813 2525 collati-

1626 2551 1737 2591 one
1755 2536 1979 2592 abbatis
1998 2538 2285 2593 Abraham
2302 2537 2382 2593 sic
2398 2538 2634 2595 dicitur:
2661 2563 2690 2592 «
2707 2542 2811 2597 Re·

1623 2622 1802 2678 gnum
1832 2607 2043 2682 etenim
2087 2609 2363 2684 poelorum
2407 2626 2523 2665 non
2563 2611 2804 2680 desides,

1621 2693 1738 2733 non
1766 2678 2014 2747 remissi,
2042 2695 2158 2735 non
2174 2679 2422 2749 delicati,
2447 2697 2560 2737 non
2591 2682 2797 2751 teneri,

1623 2749 1724 2804 sed
1752 2748 1986 2804 violenti
2016 2749 2299 2822 diripiunt
2326 2768 2339 2820 ;
2372 2751 2466 2822 qui
2504 2769 2617 2808 non
2647 2753 2796 2822 aliis,

1620 2820 1721 2875 sed
1768 2818 1974 2876 animae
2011 2837 2128 2877 suae
2177 2824 2514 2894 praeclaram
2546 2822 2803 2881 inserunt

1616 2890 1967 2961 violentiam,
2032 2892 2187 2949 omni
2253 2910 2378 2950 eam
2435 2895 2802 2966 praesentium

1617 2978 1809 3019 rerum
1836 2964 2127 3035 voluptate
2156 2966 2506 3022 fraudantes.
2542 2966 2640 3022 Isti
2660 2983 2800 3038 pro-

1614 3033 1762 3090 fecto
1790 3041 1925 3091 sunt
1947 3036 2261 3093 laudabiles
2289 3036 2538 3107 violenti,
2559 3038 2654 3109 qui
2684 3037 2799 3093 vim

1614 3105 1829 3161 faciunt
1866 3107 2176 3177 perditioni
2212 3125 2348 3165 suae.
2403 3112 2584 3165 Homo
2616 3108 2789 3177 enim,

1612 3181 1676 3231 ut
1702 3176 1973 3247 scriptum
2007 3184 2113 3246 est,
2154 3178 2212 3233 in
2243 3179 2540 3236 doloribus
2570 3181 2794 3237 laborat

1613 3246 1743 3315 sibi,
1772 3253 1827 3303 et
1858 3248 1971 3303 vim
2000 3249 2134 3304 facit
2162 3250 2472 3320 perditioni
2492 3268 2629 3307 suae.
2664 3253 2797 3307 Per-

1612 3317 1753 3373 ditio
1784 3324 1983 3375 nostra
2040 3324 2126 3375 est
2164 3320 2469 3376 oblectatio
2498 3322 2800 3393 praesentis

1614 3388 1741 3444 vitae
1792 3394 1848 3444 et
1898 3390 2156 3445 executio
2188 3390 2606 3448 desideriorum
2641 3393 2799 3449 volu-

1606 3464 1947 3530 ptatumque
1982 3467 2327 3529 nostrarum,
2383 3477 2525 3531 quas
2577 3462 2625 3517 si
2670 3464 2799 3532 quis

1608 3532 1679 3586 ab
1711 3530 1905 3586 anima
1936 3547 2040 3586 sua
2078 3530 2425 3587 subtraxerit
2459 3548 2524 3588 ao
2549 3534 2801 3589 mortifi-

1607 3600 1841 3669 caverit,
1872 3601 2187 3672 gloriosam
2223 3603 2480 3673 prosecto
2511 3608 2567 3659 et
2597 3603 2798 3661 utilem

1604 3671 1911 3743 perditioni
1951 3690 2069 3730 suae
2120 3673 2236 3729 vim
2291 3673 2447 3744 facit,
2502 3676 2797 3748 abnegans

1605 3744 1897 3800 dumtaxat
1950 3744 2003 3801 ei
2046 3744 2496 3816 jucundissimas
2531 3747 2794 3803 volunta-

1608 3820 1727 3871 tes:
1765 3835 1794 3869 »
1834 3817 1957 3872 haec
1982 3817 2291 3873 Abraham.
2317 3818 2647 3874 Secundum
2670 3821 2795 3874 Ber·

1603 3888 1867 3957 nardum,
1905 3887 2138 3959 quidam
2182 3904 2426 3960 regnum
2489 3888 2592 3945 Dei
2639 3904 2792 3945 mer-

1602 3963 1824 4027 cantur,
1879 3964 1943 4016 ut
1982 3959 2079 4030 qui
2111 3964 2375 4017 exercent
2404 3975 2581 4031 opera
2618 3959 2791 4016 mise-

1600 4028 1887 4098 ricordiae,
1913 4031 2335 4104 eleemosynam
2356 4036 2414 4087 et
2439 4031 2796 4102 hujusmodi.

1600 4100 1842 4167 Quidam
1888 4103 2170 4171 furantur,
2211 4102 2399 4173 utqui
2446 4102 2662 4159 faciunt
2690 4118 2790 4159 oc-

1598 4172 1781 4229 cultas
1818 4174 2204 4244 poenitentIas.
2257 4172 2496 4241 Quidam
2542 4174 2790 4244 compel-

1596 4242 1794 4299 luntur
1833 4244 2073 4313 intrare,
2112 4249 2176 4301 ut
2208 4260 2491 4316 pauperes
2521 4261 2790 4301 necessa-

1594 4313 1687 4383 rii,
1729 4330 1848 4371 non
1887 4315 2217 4373 voluntarii.
2248 4315 2489 4384 Quidam
2529 4316 2787 4406 rapiunt,
