3146 5023
1218 412 1296 466 ΕΤ
1350 410 1791 466 nquRonuM.

362 591 403 647 C
446 587 571 645 risti
609 590 1069 661 interpretantur.
1397 591 1465 644 86
1634 591 1781 643 tates
1811 602 1904 656 qui
1950 602 2016 643 us
2049 584 2402 658 improperat
2441 583 2555 640 Do·-

330 666 364 729 4
401 662 511 716 Per
541 660 697 734 ipsos
725 662 1075 719 detractores
1103 657 1286 732 signi·
1634 657 1869 714 minus?

356 732 625 790 ficantur.
1390 734 1456 804 87
1594 754 1626 804 7
1654 728 1958 802 Scripturae
1987 741 2163 786 sacrae
2193 724 2321 785 laus
2354 726 2414 784 et
2434 723 2550 784 uti-

318 805 348 857 5
390 802 693 862 civitatum
748 800 1064 874 Corozaim‚
1102 803 1281 859 Beth·
1629 801 1780 859 litas.
1990 864 2004 880 .

353 873 530 1002 saitdae
567 879 624 933 et
660 876 1062 948 capharnaum
1089 873 1279 933 incre-
1386 948 1456 1002 86
1594 877 1627 930 8
1654 875 1684 931 J
1689 870 1878 931 udicia
1904 871 2009 929 Dei
2030 870 2273 931 occulta.

348 960 422 1017 pa
450 961 527 1005 10.

594 1186 822 1245 CAPUT
852 1186 1039 1243 Lvm.
1075 1214 1145 1226 -
1172 1187 1245 1242 De
1269 1187 1575 1242 reversione
1600 1184 2010 1257 Apostolorum,
2042 1198 2106 1238 ac
2132 1180 2392 1238 missione

765 1261 819 1315 et
843 1258 1149 1315 reversione
1173 1261 1527 1331 septuaqinta
1551 1259 1784 1315 duorum
1813 1256 2232 1329 discipulorum.

318 1466 338 1501 1
363 1443 620 1519 Apostoli
633 1443 1275 1501 revertentesadJesum
1585 1450 1618 1502 6
1647 1442 1906 1501 Exsultat
1935 1440 2192 1500 Christus
2236 1444 2294 1498 et
2333 1437 2546 1513 gratias

344 1534 452 1576 nos
481 1518 690 1574 docent
719 1516 870 1587 quod
908 1520 1035 1588 post
1062 1516 1272 1588 praedi-
1619 1515 1736 1643 agit
1762 1516 1838 1597 de
1860 1513 2157 1571 vocatione
2176 1512 2544 1586 parvulorum

344 1589 629 1647 cationem
679 1586 1143 1660 contemplationi
1189 1586 1274 1644 in·
1616 1604 1651 1645 a
1720 1586 2078 1660 sapientiam.

344 1660 699 1734 dulgendum
727 1658 820 1716 sit.
1380 1682 1442 1734 91
1578 1682 1609 1733 7
1641 1660 1752 1716 Cur
1779 1655 1998 1731 parvuli
2025 1655 2285 1726 credunt,
2317 1654 2544 1727 sapien-

311 1751 340 1787 2
371 1732 584 1789 Electio
622 1729 982 1805 septuaginta
1025 1730 1272 1787 duorum
1617 1735 1704 1786 tes
1736 1745 1868 1785 vero
1894 1745 2011 1785 non
2040 1725 2328 1785 credunt?

341 1803 751 1876 discipulorum
806 1799 901 1874 qui
925 1800 1099 1859 etiam
1144 1799 1268 1858 bini
1583 1804 1616 1857 8
1650 1802 1898 1858 Medium
1929 1800 2246 1857 vocationis
2273 1797 2542 1872 parvulo-

343 1877 417 1933 ad
457 1875 745 1950 praedican
787 1889 882 1932 um
939 1872 1265 1932 mittuntur.
1380 1894 1445 1948 92
1616 1871 1794 1929 rumi
1837 1886 1898 1927 se
1927 1870 2185 1929 Christus
2223 1873 2329 1928 est.

305 1949 338 2001 5
368 1948 637 2004 Reversio
669 1943 1096 2017 discipulorum,
1127 1959 1272 2015 quos
1585 1967 1617 2018 9
1648 1942 1805 2000 Fami
1832 1940 2031 2001 iariter
2059 1947 2116 2001 et
2143 1957 2343 2009 secure
2389 1953 2548 1998 acce-

344 2024 545 2075 contra
585 2017 911 2091 superbiam
939 2015 1268 2089 praemunit.
1378 2037 1445 2091 92
1618 2015 1869 2072 dendum
1898 2021 1986 2071 est
2029 2016 2104 2074 ad
2129 2018 2349 2086 Jesum,
2383 2009 2545 2085 cujus

307 2092 344 2156 4
373 2091 634 2146 Potestas
677 2086 942 2161 ejiciendi
979 2087 1272 2145 daemones
1610 2088 1815 2168 jugum
1844 2101 2036 2144 suave.

342 2165 431 2218 est
451 2161 640 2233 gratia
655 2158 832 2232 gratis
848 2159 983 2215 data
1002 2164 1059 2215 et
1077 2156 1270 2231 proin·
1550 2177 1614 2214 ιο
1645 2158 1942 2214 Discendae
1969 2160 2042 2217 ab
2084 2154 2209 2231 ipso
2242 2152 2458 2214 mititas
2487 2152 2548 2211 et

343 2233 414 2288 de
444 2231 711 2289 omnibus
740 2232 862 2288 dari
884 2233 1090 2303 potest.
1375 2229 1445 2304 95
1614 2228 1929 2287 humilitas.

308 2306 339 2359 5
357 2305 435 2361 Ex
450 2305 557 2360 hoc
574 2302 695 2359 solo
712 2302 1098 2384 gaudendum,
1114 2298 1268 2372 quod
1550 2323 1571 2359 ι
1586 2323 1607 2358 ι
1644 2301 1953 2358 Praemium
1973 2296 2341 2359 servientium
2357 2295 2545 2358 Domi-

364 2375 601 2433 nomina
618 2377 830 2447 scripta
849 2373 962 2431 sint
988 2371 1052 2430 in
1081 2371 1262 2431 coeli8.
1374 2377 1444 2447 94
1617 2389 1714 2445 no,
1743 2373 1975 2445 requies
2002 2372 2233 2430 animae.

531 2595 758 2654 CAPUT
783 2595 919 2654 LIX.
945 2626 1016 2639 —
1046 2597 1122 2654 De
1149 2596 1367 2656 homine
1391 2599 1641 2656 sauciato
1670 2601 1722 2654 et
1744 2599 2031 2656 vulnerato
2058 2614 2093 2653 a
2124 2596 2453 2655 latronibus,

300 2819 320 2856 1
353 2793 810 2868 Quadrupliciter
853 2793 1035 2852 videri
1106 2797 1254 2852 otest
1608 2800 1725 2855 tam
1748 2797 2214 2869 pertranseuntes
2244 2792 2532 2867 significe-

333 2867 613 2937 ChristuS‚
633 2872 691 2923 et
720 2882 831 2938 quo
854 2882 1024 2923 sensu
1095 2870 1255 2923 eatos
1608 2868 1744 2924 tur?

332 2937 472 2995 dicit
523 2937 675 3011 illos,
706 2937 802 3010 qui
858 2936 1046 3009 ipsum
1094 2937 1252 2995 vide·
1570 2965 1602 3014 7
1636 2937 1780 3007 Quid
1815 2954 1919 3011 per
1947 2935 2366 2996 Samaritanum
2403 2952 2532 2995 suc-

329 3017 480 3067 runt.
1334 3025 1432 3065 too
1609 3013 1956 3066 currentem.

297 3101 325 3137 2
358 3078 522 3151 Legis
562 3078 736 3136 eritus
758 3077 1078 3151 interrogat
1098 3075 1254 3136 Chri·
1573 3088 1607 3140 8
1640 3080 1785 3149 Quid
1814 3094 1919 3152 per
1960 3077 2248 3137 stabulum
2290 3081 2349 3136 et
2390 3078 2536 3136 duos

332 3157 482 3208 stum
548 3166 580 3207 e
609 3149 779 3208 modo
801 3147 1136 3223 acquirendi
1167 3147 1252 3208 vi-
1609 3151 1881 3209 denarios
1913 3149 2251 3224 productos?

329 3225 449 3279 tam
479 3226 773 3280 aeternam.
1328 3235 1422 3281 ιοι
1569 3251 1602 3301 9
1629 3223 1859 3295 Mystice
1938 3221 2184 3280 eccatori
2214 3218 2536 3294 applicatur

293 3298 326 3350 5
353 3296 710 3366 Praeceptum
745 3290 1066 3352 dilectionis
1116 3306 1255 3368 erga
1604 3297 1729 3352 haec
1762 3309 1901 3367 para
1943 3292 2065 3353 ola‘?

327 3367 506 3422 Deum
537 3369 592 3422 et
620 3364 962 3438 proximum.
1327 3385 1421 3423 101
1541 3390 1605 3426 ιο
1633 3366 1769 3435 Quis
1837 3367 2089 3424 roximus
2125 3364 2361 3423 noster?

288 3439 323 3503 4
353 3437 632 3494 Parabola
664 3435 1006 3496 Samaritani
1032 3449 1251 3510 :genus
1540 3438 1784 3517 11‚Dilec
1811 3454 1866 3494 10
1907 3441 2148 3510 utraque
2201 3437 2262 3495 in
2310 3437 2533 3495 Christo

325 3507 641 3566 humanum
669 3525 775 3583 per
800 3509 1081 3568 viatorem
1110 3508 1251 3584 flgu-
1605 3509 1833 3582 lmpleri
1871 3514 2081 3582 potest,
2115 3509 2249 3583 quia
2294 3512 2448 3567 Deus
2476 3511 2535 3567 et

324 3582 504 3634 ratur.
1329 3599 1426 3637 ιω
1604 3580 1898 3654 proximus
1926 3584 2033 3639 est.

296 3651 326 3704 5
357 3644 651 3717 Quomodo
706 3647 1087 3721 despoliatum
1142 3647 1251 3708 fuit
1539 3672 1601 3711 ια
1624 3650 2014 3710 Misericordia
2042 3655 2102 3711 et
2119 3647 2312 3709 oneris
2330 3652 2532 3708 mutua

322 3723 382 3775 et
405 3721 769 3777 vulneratum
792 3719 854 3776 in
881 3720 1123 3778 Adamo.
1327 3727 1426 3782 105
1605 3723 1875 3797 portatio.

289 3794 322 3845 6
354 3790 501 3860 Quid
521 3805 626 3865 per
652 3788 1012 3850 sacerdotem
1040 3795 1097 3851 et
1113 3790 1248 3852 levi-
1539 3799 1605 3853 ιδ
1639 3793 1971 3853 Exhortatio
2008 3789 2085 3852 ad
2113 3791 2429 3853 caritatem.

708 4014 935 4072 CAPUT
966 4015 1076 4074 Lx.
1105 4042 1177 4058 -
1202 4019 1281 4074 ne
1299 4020 1631 4090 poenitmia
1657 4020 1856 4078 Marias
1881 4017 2247 4089 uaaaazenae.

281 4229 301 4264 1
337 4206 449 4264 Cur
476 4220 606 4288 cum
720 4208 1043 4267 ccatoribus
1067 4225 1231 4268 man·
1605 4212 1943 4284 magdalena
1966 4254 1984 4277 ,
2049 4216 2111 4270 et
2177 4212 2316 4285 quid
2388 4227 2528 4284 erga

315 4278 610 4335 ducaverit
680 4278 938 4337 hristus?
1313 4303 1410 4357 ¹07
1599 4283 1617 4339 i
1661 4299 1784 4341 sum
1816 4283 1956 4356 agit.

282 4369 313 4406 ο
338 4349 571 4407 Accedit
608 4351 682 4407 ad
724 4351 1026 4409 Dominum
1052 4352 1231 4411 Maria
1554 4359 1589 4412 ὅ
1653 4356 1790 4414 edes
1807 4354 2035 4413 Domini
2053 4371 2089 4414 a
2106 4356 2284 4416 Maria
2297 4358 2524 4429 Magda-

2557 449 2564 456 .
2640 406 2733 458 347

359 520 389 576 J
431 516 602 574 annis
633 520 693 575 et
711 514 1289 574 condescendentiam
1604 519 1637 572 6
1665 512 1811 582 Quid
1834 510 1882 570 si
1924 509 2161 571 niflcent
2182 511 2273 569 hae
2289 512 2409 569 tres
2422 509 2558 568 civi-

2663 657 2732 725 89

2658 799 2728 868 89

2658 888 2727 939 90

2615 2873 2712 2924 105

2613 3015 2710 3067 105

2613 3159 2711 3222 104

2610 3316 2628 3351 1
2639 3299 2707 3363 04

2612 3371 2708 3422 105

2610 3585 2705 3637 105

2610 3727 2707 3779 106

2610 3815 2706 3867 107

2602 4289 2701 4343 108
