<?xml version="1.0" encoding="UTF-8"?>
<!DOCTYPE html PUBLIC "-//W3C//DTD XHTML 1.0 Transitional//EN"
    "http://www.w3.org/TR/xhtml1/DTD/xhtml1-transitional.dtd">
<html xmlns="http://www.w3.org/1999/xhtml" xml:lang="en" lang="en">
 <head>
  <title>
</title>
<meta http-equiv="Content-Type" content="text/html;charset=utf-8" />
  <meta name='ocr-system' content='tesseract 3.04.00' />
  <meta name='ocr-capabilities' content='ocr_page ocr_carea ocr_par ocr_line ocrx_word'/>
</head>
<body>
  <div class='ocr_page' id='page_1' title='image "./vitajesuchristi02rigogoog_0165.png"; bbox 0 0 3146 5023; ppageno 0'>
   <div class='ocr_carea' id='block_1_1' title="bbox 277 377 2734 558">
    <p class='ocr_par' dir='ltr' id='par_1_1' title="bbox 277 377 2734 558">
     <span class='ocr_line' id='line_1_1' title="bbox 858 377 2734 436; baseline 0.004 -7"><span class='ocrx_word' id='word_1_1' title='bbox 858 377 938 431; x_wconf 73' lang='lat' dir='ltr'><strong>DE</strong></span> <span class='ocrx_word' id='word_1_2' title='bbox 992 377 1297 433; x_wconf 72' lang='lat' dir='ltr'><strong>Anvlinru</strong></span> <span class='ocrx_word' id='word_1_3' title='bbox 1352 379 1594 435; x_wconf 74' lang='lat' dir='ltr'><strong>nomm</strong></span> <span class='ocrx_word' id='word_1_4' title='bbox 1648 380 1716 433; x_wconf 66' lang='lat'><strong>1³1</strong></span> <span class='ocrx_word' id='word_1_5' title='bbox 1767 380 2142 434; x_wconf 62' lang='lat' dir='ltr'><strong>Massurii.</strong></span> <span class='ocrx_word' id='word_1_6' title='bbox 2649 384 2734 436; x_wconf 73' lang='lat'><strong>255</strong></span> 
     </span>
     <span class='ocr_line' id='line_1_2' title="bbox 277 484 2715 558; baseline -0 -12"><span class='ocrx_word' id='word_1_7' title='bbox 277 487 482 557; x_wconf 84' lang='lat' dir='ltr'><strong>tentia,</strong></span> <span class='ocrx_word' id='word_1_8' title='bbox 527 485 627 543; x_wconf 86' lang='lat' dir='ltr'><strong>sed</strong></span> <span class='ocrx_word' id='word_1_9' title='bbox 676 484 748 542; x_wconf 87' lang='lat' dir='ltr'><strong>de</strong></span> <span class='ocrx_word' id='word_1_10' title='bbox 797 484 1288 556; x_wconf 88' lang='lat' dir='ltr'><strong>inconvenientia;</strong></span> <span class='ocrx_word' id='word_1_11' title='bbox 1330 501 1448 543; x_wconf 93' lang='lat' dir='ltr'><strong>non</strong></span> <span class='ocrx_word' id='word_1_12' title='bbox 1552 494 1669 558; x_wconf 90' lang='lat' dir='ltr'><strong>tur,</strong></span> <span class='ocrx_word' id='word_1_13' title='bbox 1699 491 1758 544; x_wconf 85' lang='lat' dir='ltr'><strong>et</strong></span> <span class='ocrx_word' id='word_1_14' title='bbox 1782 486 1863 543; x_wconf 89' lang='lat' dir='ltr'><strong>ibi</strong></span> <span class='ocrx_word' id='word_1_15' title='bbox 1891 484 2168 543; x_wconf 86' lang='lat' dir='ltr'><strong>miracula</strong></span> <span class='ocrx_word' id='word_1_16' title='bbox 2196 488 2560 558; x_wconf 70' lang='lat' dir='ltr'><strong>operabatur.</strong></span> <span class='ocrx_word' id='word_1_17' title='bbox 2581 492 2715 547; x_wconf 76' lang='lat' dir='ltr'><strong>Mis-</strong></span> 
     </span>
    </p>
   </div>
   <div class='ocr_carea' id='block_1_2' title="bbox 261 555 1448 4401">
    <p class='ocr_par' dir='ltr' id='par_1_2' title="bbox 268 555 1448 3474">
     <span class='ocr_line' id='line_1_3' title="bbox 276 555 1446 628; baseline -0.003 -10"><span class='ocrx_word' id='word_1_18' title='bbox 276 560 432 619; x_wconf 85' lang='lat' dir='ltr'><strong>enim</strong></span> <span class='ocrx_word' id='word_1_19' title='bbox 458 555 802 615; x_wconf 86' lang='lat' dir='ltr'><strong>conveniens</strong></span> <span class='ocrx_word' id='word_1_20' title='bbox 826 555 954 626; x_wconf 81' lang='lat' dir='ltr'><strong>fuit,</strong></span> <span class='ocrx_word' id='word_1_21' title='bbox 985 556 1119 627; x_wconf 87' lang='lat' dir='ltr'><strong>quia</strong></span> <span class='ocrx_word' id='word_1_22' title='bbox 1144 555 1303 628; x_wconf 86' lang='lat' dir='ltr'>digni</span> <span class='ocrx_word' id='word_1_23' title='bbox 1331 573 1446 614; x_wconf 94' lang='lat' dir='ltr'><strong>non</strong></span> 
     </span>
     <span class='ocr_line' id='line_1_4' title="bbox 276 627 1447 692; baseline -0.004 -3"><span class='ocrx_word' id='word_1_24' title='bbox 276 636 461 689; x_wconf 89' lang='lat' dir='ltr'><strong>erant.</strong></span> <span class='ocrx_word' id='word_1_25' title='bbox 492 631 564 685; x_wconf 84' lang='lat' dir='ltr'><strong>Et</strong></span> <span class='ocrx_word' id='word_1_26' title='bbox 590 642 765 684; x_wconf 87' lang='lat' dir='ltr'><strong>causa</strong></span> <span class='ocrx_word' id='word_1_27' title='bbox 790 627 980 683; x_wconf 86' lang='lat' dir='ltr'><strong>statim</strong></span> <span class='ocrx_word' id='word_1_28' title='bbox 1015 628 1303 692; x_wconf 76' lang='lat' dir='ltr'><strong>subditur,</strong></span> <span class='ocrx_word' id='word_1_29' title='bbox 1332 628 1447 685; x_wconf 88' lang='lat' dir='ltr'><strong>sci·-</strong></span> 
     </span>
     <span class='ocr_line' id='line_1_5' title="bbox 276 698 1442 772; baseline -0.003 -13"><span class='ocrx_word' id='word_1_30' title='bbox 276 703 413 760; x_wconf 89' lang='lat' dir='ltr'><strong>licet</strong></span> <span class='ocrx_word' id='word_1_31' title='bbox 444 723 459 758; x_wconf 88' lang='lat'>:</span> <span class='ocrx_word' id='word_1_32' title='bbox 500 705 725 772; x_wconf 81' lang='lat' dir='ltr'><strong>propter</strong></span> <span class='ocrx_word' id='word_1_33' title='bbox 758 698 1201 755; x_wconf 75' lang='lat' dir='ltr'><strong>incredulitatem</strong></span> <span class='ocrx_word' id='word_1_34' title='bbox 1239 714 1442 771; x_wconf 81' lang='lat' dir='ltr'><strong>eoram,</strong></span> 
     </span>
     <span class='ocr_line' id='line_1_6' title="bbox 277 768 1443 845; baseline -0.004 -13"><span class='ocrx_word' id='word_1_35' title='bbox 277 778 509 845; x_wconf 86' lang='lat' dir='ltr'><strong>propter</strong></span> <span class='ocrx_word' id='word_1_36' title='bbox 526 787 699 844; x_wconf 90' lang='lat' dir='ltr'><strong>quam</strong></span> <span class='ocrx_word' id='word_1_37' title='bbox 716 771 889 826; x_wconf 86' lang='lat' dir='ltr'><strong>etiam</strong></span> <span class='ocrx_word' id='word_1_38' title='bbox 910 768 1180 827; x_wconf 86' lang='lat' dir='ltr'><strong>Dominus</strong></span> <span class='ocrx_word' id='word_1_39' title='bbox 1196 772 1443 827; x_wconf 86' lang='lat' dir='ltr'><strong>miraba-</strong></span> 
     </span>
     <span class='ocr_line' id='line_1_7' title="bbox 273 842 1444 923; baseline -0.002 -22"><span class='ocrx_word' id='word_1_40' title='bbox 273 850 402 915; x_wconf 77' lang='lat' dir='ltr'><strong>tur,</strong></span> <span class='ocrx_word' id='word_1_41' title='bbox 451 843 588 915; x_wconf 89' lang='lat' dir='ltr'><strong>quia</strong></span> <span class='ocrx_word' id='word_1_42' title='bbox 645 843 828 913; x_wconf 89' lang='lat' dir='ltr'><strong>ipsum</strong></span> <span class='ocrx_word' id='word_1_43' title='bbox 880 842 1054 898; x_wconf 86' lang='lat' dir='ltr'><strong>etiam</strong></span> <span class='ocrx_word' id='word_1_44' title='bbox 1104 848 1444 923; x_wconf 78' lang='lat' dir='ltr'><strong>praesentem</strong></span> 
     </span>
     <span class='ocr_line' id='line_1_8' title="bbox 275 911 1442 984; baseline -0.003 -12"><span class='ocrx_word' id='word_1_45' title='bbox 275 915 551 972; x_wconf 85' lang='lat' dir='ltr'><strong>habentes</strong></span> <span class='ocrx_word' id='word_1_46' title='bbox 587 912 894 981; x_wconf 83' lang='lat' dir='ltr'><strong>Christum,</strong></span> <span class='ocrx_word' id='word_1_47' title='bbox 940 911 1291 984; x_wconf 83' lang='lat' dir='ltr'><strong>agnitionem</strong></span> <span class='ocrx_word' id='word_1_48' title='bbox 1332 915 1442 983; x_wconf 91' lang='lat' dir='ltr'><strong>sui,</strong></span> 
     </span>
     <span class='ocr_line' id='line_1_9' title="bbox 275 984 1444 1058; baseline -0.002 -16"><span class='ocrx_word' id='word_1_49' title='bbox 275 986 462 1044; x_wconf 87' lang='lat' dir='ltr'><strong>verbis</strong></span> <span class='ocrx_word' id='word_1_50' title='bbox 489 992 546 1042; x_wconf 92' lang='lat' dir='ltr'><strong>et</strong></span> <span class='ocrx_word' id='word_1_51' title='bbox 568 984 745 1058; x_wconf 84' lang='lat' dir='ltr'><strong>signis</strong></span> <span class='ocrx_word' id='word_1_52' title='bbox 771 985 853 1041; x_wconf 90' lang='lat' dir='ltr'><strong>eis</strong></span> <span class='ocrx_word' id='word_1_53' title='bbox 878 984 936 1040; x_wconf 92' lang='lat' dir='ltr'><strong>in</strong></span> <span class='ocrx_word' id='word_1_54' title='bbox 979 989 1254 1049; x_wconf 86' lang='lat' dir='ltr'><strong>erentem,</strong></span> <span class='ocrx_word' id='word_1_55' title='bbox 1274 985 1444 1040; x_wconf 90' lang='lat' dir='ltr'><strong>nihil-</strong></span> 
     </span>
     <span class='ocr_line' id='line_1_10' title="bbox 275 1055 1445 1127; baseline -0.003 -12"><span class='ocrx_word' id='word_1_56' title='bbox 275 1058 500 1115; x_wconf 90' lang='lat' dir='ltr'><strong>ominus</strong></span> <span class='ocrx_word' id='word_1_57' title='bbox 523 1055 801 1113; x_wconf 90' lang='lat' dir='ltr'><strong>increduli</strong></span> <span class='ocrx_word' id='word_1_58' title='bbox 821 1071 923 1127; x_wconf 90' lang='lat' dir='ltr'><strong>per</strong></span> <span class='ocrx_word' id='word_1_59' title='bbox 963 1055 1312 1112; x_wconf 87' lang='lat' dir='ltr'><strong>urabant.1n</strong></span> <span class='ocrx_word' id='word_1_60' title='bbox 1338 1057 1445 1112; x_wconf 87' lang='lat' dir='ltr'><strong>boc</strong></span> 
     </span>
     <span class='ocr_line' id='line_1_11' title="bbox 275 1126 1445 1212; baseline -0.002 -28"><span class='ocrx_word' id='word_1_61' title='bbox 275 1134 451 1212; x_wconf 82' lang='lat' dir='ltr'><strong>patet,</strong></span> <span class='ocrx_word' id='word_1_62' title='bbox 483 1128 634 1199; x_wconf 85' lang='lat' dir='ltr'><strong>quod</strong></span> <span class='ocrx_word' id='word_1_63' title='bbox 667 1126 808 1183; x_wconf 83' lang='lat' dir='ltr'><strong>fides</strong></span> <span class='ocrx_word' id='word_1_64' title='bbox 837 1127 1079 1183; x_wconf 85' lang='lat' dir='ltr'>maxime</span> <span class='ocrx_word' id='word_1_65' title='bbox 1109 1133 1445 1197; x_wconf 80' lang='lat' dir='ltr'><strong>cooperatur</strong></span> 
     </span>
     <span class='ocr_line' id='line_1_12' title="bbox 276 1197 1446 1270; baseline -0.002 -14"><span class='ocrx_word' id='word_1_66' title='bbox 276 1215 338 1256; x_wconf 80' lang='lat' dir='ltr'><strong>in</strong></span> <span class='ocrx_word' id='word_1_67' title='bbox 383 1199 672 1255; x_wconf 82' lang='lat' dir='ltr'><strong>miraculis</strong></span> <span class='ocrx_word' id='word_1_68' title='bbox 717 1197 1013 1266; x_wconf 80' lang='lat' dir='ltr'><strong>faciendis,</strong></span> <span class='ocrx_word' id='word_1_69' title='bbox 1051 1197 1187 1270; x_wconf 88' lang='lat' dir='ltr'><strong>quia</strong></span> <span class='ocrx_word' id='word_1_70' title='bbox 1221 1203 1446 1270; x_wconf 83' lang='lat' dir='ltr'><strong>propter</strong></span> 
     </span>
     <span class='ocr_line' id='line_1_13' title="bbox 269 1269 1436 1339; baseline -0.003 -12"><span class='ocrx_word' id='word_1_71' title='bbox 269 1271 714 1327; x_wconf 54' lang='lat' dir='ltr'><strong>&amp;credulitatem</strong></span> <span class='ocrx_word' id='word_1_72' title='bbox 768 1269 1061 1326; x_wconf 82' lang='lat' dir='ltr'><strong>subtracta</strong></span> <span class='ocrx_word' id='word_1_73' title='bbox 1104 1275 1240 1325; x_wconf 92' lang='lat' dir='ltr'><strong>sunt</strong></span> <span class='ocrx_word' id='word_1_74' title='bbox 1291 1269 1436 1339; x_wconf 82' lang='lat' dir='ltr'><strong>illis3</strong></span> 
     </span>
     <span class='ocr_line' id='line_1_14' title="bbox 275 1339 1440 1414; baseline -0.002 -16"><span class='ocrx_word' id='word_1_75' title='bbox 275 1342 497 1414; x_wconf 86' lang='lat' dir='ltr'><strong>aliquas</strong></span> <span class='ocrx_word' id='word_1_76' title='bbox 531 1346 724 1397; x_wconf 87' lang='lat' dir='ltr'><strong>tamen</strong></span> <span class='ocrx_word' id='word_1_77' title='bbox 761 1342 996 1396; x_wconf 86' lang='lat' dir='ltr'><strong>virtutes</strong></span> <span class='ocrx_word' id='word_1_78' title='bbox 1026 1340 1105 1396; x_wconf 88' lang='lat' dir='ltr'><strong>ibi</strong></span> <span class='ocrx_word' id='word_1_79' title='bbox 1141 1339 1296 1411; x_wconf 80' lang='lat' dir='ltr'><strong>fecit,</strong></span> <span class='ocrx_word' id='word_1_80' title='bbox 1331 1339 1440 1396; x_wconf 91' lang='lat' dir='ltr'><strong>sci-</strong></span> 
     </span>
     <span class='ocr_line' id='line_1_15' title="bbox 274 1410 1442 1483; baseline -0.001 -14"><span class='ocrx_word' id='word_1_81' title='bbox 274 1412 410 1475; x_wconf 82' lang='lat' dir='ltr'><strong>licet</strong></span> <span class='ocrx_word' id='word_1_82' title='bbox 439 1427 648 1483; x_wconf 85' lang='lat' dir='ltr'><strong>paucos</strong></span> <span class='ocrx_word' id='word_1_83' title='bbox 679 1411 938 1468; x_wconf 85' lang='lat' dir='ltr'><strong>infirmos</strong></span> <span class='ocrx_word' id='word_1_84' title='bbox 965 1410 1159 1468; x_wconf 86' lang='lat' dir='ltr'><strong>fideles</strong></span> <span class='ocrx_word' id='word_1_85' title='bbox 1190 1417 1247 1466; x_wconf 90' lang='lat' dir='ltr'><strong>et</strong></span> <span class='ocrx_word' id='word_1_86' title='bbox 1274 1411 1442 1468; x_wconf 86' lang='lat' dir='ltr'><strong>devo-</strong></span> 
     </span>
     <span class='ocr_line' id='line_1_16' title="bbox 274 1482 1445 1553; baseline 0 -13"><span class='ocrx_word' id='word_1_87' title='bbox 274 1488 385 1549; x_wconf 77' lang='lat' dir='ltr'><strong>toS,</strong></span> <span class='ocrx_word' id='word_1_88' title='bbox 434 1482 697 1539; x_wconf 88' lang='lat' dir='ltr'><strong>manibus</strong></span> <span class='ocrx_word' id='word_1_89' title='bbox 741 1482 956 1538; x_wconf 88' lang='lat' dir='ltr'><strong>deificis</strong></span> <span class='ocrx_word' id='word_1_90' title='bbox 997 1482 1300 1553; x_wconf 88' lang='lat' dir='ltr'><strong>impositis,</strong></span> <span class='ocrx_word' id='word_1_91' title='bbox 1347 1500 1445 1540; x_wconf 91' lang='lat' dir='ltr'><strong>cu·-</strong></span> 
     </span>
     <span class='ocr_line' id='line_1_17' title="bbox 272 1553 1448 1625; baseline 0.001 -15"><span class='ocrx_word' id='word_1_92' title='bbox 272 1554 489 1622; x_wconf 87' lang='lat' dir='ltr'><strong>rando;</strong></span> <span class='ocrx_word' id='word_1_93' title='bbox 516 1554 669 1625; x_wconf 80' lang='lat' dir='ltr'><strong>quod</strong></span> <span class='ocrx_word' id='word_1_94' title='bbox 695 1559 847 1623; x_wconf 87' lang='lat' dir='ltr'><strong>patet</strong></span> <span class='ocrx_word' id='word_1_95' title='bbox 874 1570 939 1609; x_wconf 84' lang='lat' dir='ltr'><strong>ex</strong></span> <span class='ocrx_word' id='word_1_96' title='bbox 965 1553 1073 1609; x_wconf 92' lang='lat' dir='ltr'><strong>hoc</strong></span> <span class='ocrx_word' id='word_1_97' title='bbox 1100 1553 1253 1625; x_wconf 92' lang='lat' dir='ltr'><strong>quod</strong></span> <span class='ocrx_word' id='word_1_98' title='bbox 1273 1569 1448 1624; x_wconf 89' lang='lat' dir='ltr'><strong>supra</strong></span> 
     </span>
     <span class='ocr_line' id='line_1_18' title="bbox 276 1625 1443 1697; baseline 0.003 -15"><span class='ocrx_word' id='word_1_99' title='bbox 276 1625 542 1682; x_wconf 84' lang='lat' dir='ltr'><strong>dixerunt</strong></span> <span class='ocrx_word' id='word_1_100' title='bbox 576 1644 589 1681; x_wconf 90' lang='lat'>:</span> <span class='ocrx_word' id='word_1_101' title='bbox 635 1625 789 1681; x_wconf 82' lang='lat' dir='ltr'><strong>Unde</strong></span> <span class='ocrx_word' id='word_1_102' title='bbox 832 1626 958 1681; x_wconf 78' lang='lat' dir='ltr'><strong>huic</strong></span> <span class='ocrx_word' id='word_1_103' title='bbox 999 1627 1276 1697; x_wconf 80' lang='lat' dir='ltr'><strong>sapientia</strong></span> <span class='ocrx_word' id='word_1_104' title='bbox 1314 1628 1443 1686; x_wconf 77' lang='lat' dir='ltr'><strong>haec.</strong></span> 
     </span>
     <span class='ocr_line' id='line_1_19' title="bbox 276 1694 1447 1766; baseline 0.001 -14"><span class='ocrx_word' id='word_1_105' title='bbox 276 1700 329 1752; x_wconf 79' lang='lat' dir='ltr'><strong>et</strong></span> <span class='ocrx_word' id='word_1_106' title='bbox 375 1698 656 1751; x_wconf 80' lang='lat' dir='ltr'><strong>virtutes?</strong></span> <span class='ocrx_word' id='word_1_107' title='bbox 704 1694 922 1753; x_wconf 81' lang='lat' dir='ltr'><strong>Dicitur</strong></span> <span class='ocrx_word' id='word_1_108' title='bbox 972 1695 1031 1751; x_wconf 92' lang='lat' dir='ltr'><strong>in</strong></span> <span class='ocrx_word' id='word_1_109' title='bbox 1084 1699 1292 1766; x_wconf 84' lang='lat' dir='ltr'><strong>Marco,</strong></span> <span class='ocrx_word' id='word_1_110' title='bbox 1334 1713 1447 1753; x_wconf 92' lang='lat' dir='ltr'><strong>non</strong></span> 
     </span>
     <span class='ocr_line' id='line_1_20' title="bbox 268 1766 1448 1839; baseline 0 -15"><span class='ocrx_word' id='word_1_111' title='bbox 268 1769 516 1839; x_wconf 76' lang='lat' dir='ltr'><strong>potuisse</strong></span> <span class='ocrx_word' id='word_1_112' title='bbox 534 1768 742 1836; x_wconf 80' lang='lat' dir='ltr'><strong>facere,</strong></span> <span class='ocrx_word' id='word_1_113' title='bbox 768 1767 903 1839; x_wconf 90' lang='lat' dir='ltr'><strong>quia</strong></span> <span class='ocrx_word' id='word_1_114' title='bbox 931 1766 1134 1835; x_wconf 87' lang='lat' dir='ltr'><strong>noluit,</strong></span> <span class='ocrx_word' id='word_1_115' title='bbox 1163 1775 1219 1822; x_wconf 90' lang='lat' dir='ltr'><strong>et</strong></span> <span class='ocrx_word' id='word_1_116' title='bbox 1247 1784 1448 1824; x_wconf 90' lang='lat' dir='ltr'><strong>revera</strong></span> 
     </span>
     <span class='ocr_line' id='line_1_21' title="bbox 275 1839 1445 1911; baseline 0.001 -17"><span class='ocrx_word' id='word_1_117' title='bbox 275 1853 392 1895; x_wconf 92' lang='lat' dir='ltr'><strong>non</strong></span> <span class='ocrx_word' id='word_1_118' title='bbox 443 1839 666 1911; x_wconf 85' lang='lat' dir='ltr'><strong>decuit,</strong></span> <span class='ocrx_word' id='word_1_119' title='bbox 718 1842 948 1910; x_wconf 82' lang='lat' dir='ltr'><strong>propter</strong></span> <span class='ocrx_word' id='word_1_120' title='bbox 1003 1840 1445 1895; x_wconf 81' lang='lat' dir='ltr'><strong>incredulitatem</strong></span> 
     </span>
     <span class='ocr_line' id='line_1_22' title="bbox 275 1910 1447 1981; baseline 0.001 -15"><span class='ocrx_word' id='word_1_121' title='bbox 275 1925 494 1979; x_wconf 80' lang='lat' dir='ltr'><strong>eorum,·</strong></span> <span class='ocrx_word' id='word_1_122' title='bbox 523 1925 660 1979; x_wconf 90' lang='lat' dir='ltr'><strong>non,</strong></span> <span class='ocrx_word' id='word_1_123' title='bbox 688 1915 752 1965; x_wconf 92' lang='lat' dir='ltr'><strong>ut</strong></span> <span class='ocrx_word' id='word_1_124' title='bbox 783 1915 1024 1981; x_wconf 86' lang='lat' dir='ltr'><strong>negetur</strong></span> <span class='ocrx_word' id='word_1_125' title='bbox 1058 1910 1310 1980; x_wconf 87' lang='lat' dir='ltr'><strong>potentia</strong></span> <span class='ocrx_word' id='word_1_126' title='bbox 1332 1912 1447 1967; x_wconf 93' lang='lat' dir='ltr'><strong>ab-</strong></span> 
     </span>
     <span class='ocr_line' id='line_1_23' title="bbox 271 1981 1445 2051; baseline 0.003 -16"><span class='ocrx_word' id='word_1_127' title='bbox 271 1981 476 2048; x_wconf 77' lang='lat' dir='ltr'><strong>soluta,</strong></span> <span class='ocrx_word' id='word_1_128' title='bbox 512 1981 612 2036; x_wconf 88' lang='lat' dir='ltr'><strong>sed</strong></span> <span class='ocrx_word' id='word_1_129' title='bbox 644 1981 929 2050; x_wconf 85' lang='lat' dir='ltr'><strong>ordinata,</strong></span> <span class='ocrx_word' id='word_1_130' title='bbox 968 1995 1036 2036; x_wconf 88' lang='lat' dir='ltr'><strong>ac</strong></span> <span class='ocrx_word' id='word_1_131' title='bbox 1073 1983 1445 2051; x_wconf 85' lang='lat' dir='ltr'><strong>congruitatis</strong></span> 
     </span>
     <span class='ocr_line' id='line_1_24' title="bbox 274 2052 1443 2122; baseline 0.001 -15"><span class='ocrx_word' id='word_1_132' title='bbox 274 2055 334 2107; x_wconf 90' lang='lat' dir='ltr'><strong>et</strong></span> <span class='ocrx_word' id='word_1_133' title='bbox 362 2052 657 2120; x_wconf 84' lang='lat' dir='ltr'><strong>decentiae,</strong></span> <span class='ocrx_word' id='word_1_134' title='bbox 687 2066 800 2122; x_wconf 88' lang='lat' dir='ltr'><strong>qua</strong></span> <span class='ocrx_word' id='word_1_135' title='bbox 830 2067 892 2108; x_wconf 91' lang='lat' dir='ltr'><strong>se</strong></span> <span class='ocrx_word' id='word_1_136' title='bbox 930 2052 1286 2121; x_wconf 82' lang='lat' dir='ltr'><strong>disposuerat</strong></span> <span class='ocrx_word' id='word_1_137' title='bbox 1328 2068 1443 2108; x_wconf 94' lang='lat' dir='ltr'><strong>non</strong></span> 
     </span>
     <span class='ocr_line' id='line_1_25' title="bbox 271 2122 1445 2194; baseline 0 -15"><span class='ocrx_word' id='word_1_138' title='bbox 271 2122 575 2192; x_wconf 75' lang='lat' dir='ltr'><strong>facturum,</strong></span> <span class='ocrx_word' id='word_1_139' title='bbox 608 2122 743 2194; x_wconf 90' lang='lat' dir='ltr'><strong>quia</strong></span> <span class='ocrx_word' id='word_1_140' title='bbox 780 2138 898 2178; x_wconf 91' lang='lat' dir='ltr'><strong>non</strong></span> <span class='ocrx_word' id='word_1_141' title='bbox 956 2129 1081 2178; x_wconf 89' lang='lat' dir='ltr'><strong>erat</strong></span> <span class='ocrx_word' id='word_1_142' title='bbox 1134 2122 1337 2179; x_wconf 88' lang='lat' dir='ltr'><strong>decens</strong></span> <span class='ocrx_word' id='word_1_143' title='bbox 1387 2128 1445 2180; x_wconf 89' lang='lat' dir='ltr'><strong>et</strong></span> 
     </span>
     <span class='ocr_line' id='line_1_26' title="bbox 275 2193 1438 2265; baseline 0.001 -15"><span class='ocrx_word' id='word_1_144' title='bbox 275 2209 590 2265; x_wconf 84' lang='lat' dir='ltr'><strong>congruum</strong></span> <span class='ocrx_word' id='word_1_145' title='bbox 620 2194 771 2265; x_wconf 92' lang='lat' dir='ltr'><strong>quod</strong></span> <span class='ocrx_word' id='word_1_146' title='bbox 801 2194 879 2250; x_wconf 91' lang='lat' dir='ltr'><strong>ibi</strong></span> <span class='ocrx_word' id='word_1_147' title='bbox 909 2193 1183 2250; x_wconf 87' lang='lat' dir='ltr'><strong>miracula</strong></span> <span class='ocrx_word' id='word_1_148' title='bbox 1208 2194 1438 2264; x_wconf 83' lang='lat' dir='ltr'><strong>faceret,</strong></span> 
     </span>
     <span class='ocr_line' id='line_1_27' title="bbox 273 2265 1443 2323; baseline 0.002 -2"><span class='ocrx_word' id='word_1_149' title='bbox 273 2270 332 2322; x_wconf 88' lang='lat' dir='ltr'><strong>et</strong></span> <span class='ocrx_word' id='word_1_150' title='bbox 358 2266 535 2320; x_wconf 86' lang='lat' dir='ltr'><strong>multa</strong></span> <span class='ocrx_word' id='word_1_151' title='bbox 560 2284 578 2320; x_wconf 74' lang='grc' dir='ltr'><strong><em>ε</em></strong></span> <span class='ocrx_word' id='word_1_152' title='bbox 607 2265 747 2321; x_wconf 88' lang='lat' dir='ltr'><strong>fides</strong></span> <span class='ocrx_word' id='word_1_153' title='bbox 774 2266 927 2321; x_wconf 89' lang='lat' dir='ltr'><strong>enim</strong></span> <span class='ocrx_word' id='word_1_154' title='bbox 971 2266 1326 2322; x_wconf 88' lang='lat' dir='ltr'><strong>credentium</strong></span> <span class='ocrx_word' id='word_1_155' title='bbox 1359 2271 1443 2323; x_wconf 91' lang='lat' dir='ltr'><strong>est</strong></span> 
     </span>
     <span class='ocr_line' id='line_1_28' title="bbox 271 2335 1442 2408; baseline 0.001 -15"><span class='ocrx_word' id='word_1_156' title='bbox 271 2335 562 2393; x_wconf 84' lang='lat' dir='ltr'><strong>meritoria</strong></span> <span class='ocrx_word' id='word_1_157' title='bbox 600 2336 672 2393; x_wconf 91' lang='lat' dir='ltr'><strong>de</strong></span> <span class='ocrx_word' id='word_1_158' title='bbox 701 2352 976 2408; x_wconf 87' lang='lat' dir='ltr'><strong>congruo,</strong></span> <span class='ocrx_word' id='word_1_159' title='bbox 1008 2338 1159 2408; x_wconf 92' lang='lat' dir='ltr'><strong>quod</strong></span> <span class='ocrx_word' id='word_1_160' title='bbox 1189 2338 1269 2393; x_wconf 91' lang='lat' dir='ltr'><strong>eis</strong></span> <span class='ocrx_word' id='word_1_161' title='bbox 1300 2337 1442 2394; x_wconf 85' lang='lat' dir='ltr'><strong>fiant</strong></span> 
     </span>
     <span class='ocr_line' id='line_1_29' title="bbox 271 2408 1439 2479; baseline 0.002 -16"><span class='ocrx_word' id='word_1_162' title='bbox 271 2408 563 2464; x_wconf 88' lang='lat' dir='ltr'><strong>miracula.</strong></span> <span class='ocrx_word' id='word_1_163' title='bbox 585 2408 720 2463; x_wconf 91' lang='lat' dir='ltr'><strong>Ideo</strong></span> <span class='ocrx_word' id='word_1_164' title='bbox 739 2414 933 2464; x_wconf 87' lang='lat' dir='ltr'><strong>autem</strong></span> <span class='ocrx_word' id='word_1_165' title='bbox 958 2408 1175 2479; x_wconf 88' lang='lat' dir='ltr'><strong>aliquas</strong></span> <span class='ocrx_word' id='word_1_166' title='bbox 1202 2410 1439 2465; x_wconf 89' lang='lat' dir='ltr'><strong>virtutes</strong></span> 
     </span>
     <span class='ocr_line' id='line_1_30' title="bbox 270 2478 1442 2550; baseline 0.003 -15"><span class='ocrx_word' id='word_1_167' title='bbox 270 2478 352 2536; x_wconf 85' lang='lat' dir='ltr'><strong>ibi</strong></span> <span class='ocrx_word' id='word_1_168' title='bbox 397 2478 553 2550; x_wconf 81' lang='lat' dir='ltr'><strong>fecit,</strong></span> <span class='ocrx_word' id='word_1_169' title='bbox 602 2485 664 2535; x_wconf 90' lang='lat' dir='ltr'><strong>ut</strong></span> <span class='ocrx_word' id='word_1_170' title='bbox 710 2478 907 2535; x_wconf 85' lang='lat' dir='ltr'><strong>fideles</strong></span> <span class='ocrx_word' id='word_1_171' title='bbox 959 2478 1343 2550; x_wconf 84' lang='lat' dir='ltr'><strong>confirmaret,</strong></span> <span class='ocrx_word' id='word_1_172' title='bbox 1384 2486 1442 2538; x_wconf 89' lang='lat' dir='ltr'><strong>et</strong></span> 
     </span>
     <span class='ocr_line' id='line_1_31' title="bbox 271 2549 1439 2623; baseline 0.002 -17"><span class='ocrx_word' id='word_1_173' title='bbox 271 2549 529 2618; x_wconf 81' lang='lat' dir='ltr'><strong>infideles</strong></span> <span class='ocrx_word' id='word_1_174' title='bbox 592 2551 1009 2607; x_wconf 86' lang='lat' dir='ltr'><strong>excusationem</strong></span> <span class='ocrx_word' id='word_1_175' title='bbox 1073 2551 1142 2607; x_wconf 91' lang='lat' dir='ltr'><strong>de</strong></span> <span class='ocrx_word' id='word_1_176' title='bbox 1210 2559 1439 2623; x_wconf 89' lang='lat' dir='ltr'><strong>peccato</strong></span> 
     </span>
     <span class='ocr_line' id='line_1_32' title="bbox 271 2622 1438 2691; baseline 0.002 -14"><span class='ocrx_word' id='word_1_177' title='bbox 271 2637 370 2678; x_wconf 91' lang='lat' dir='ltr'><strong>suo</strong></span> <span class='ocrx_word' id='word_1_178' title='bbox 402 2637 518 2677; x_wconf 88' lang='lat' dir='ltr'><strong>non</strong></span> <span class='ocrx_word' id='word_1_179' title='bbox 548 2622 847 2690; x_wconf 89' lang='lat' dir='ltr'><strong>haberent,</strong></span> <span class='ocrx_word' id='word_1_180' title='bbox 879 2622 1013 2678; x_wconf 92' lang='lat' dir='ltr'><strong>dum</strong></span> <span class='ocrx_word' id='word_1_181' title='bbox 1038 2637 1212 2691; x_wconf 90' lang='lat' dir='ltr'><strong>opera</strong></span> <span class='ocrx_word' id='word_1_182' title='bbox 1240 2623 1438 2679; x_wconf 88' lang='lat' dir='ltr'><strong>divini-</strong></span> 
     </span>
     <span class='ocr_line' id='line_1_33' title="bbox 269 2692 1433 2764; baseline 0.003 -16"><span class='ocrx_word' id='word_1_183' title='bbox 269 2693 399 2749; x_wconf 82' lang='lat' dir='ltr'><strong>tatis</strong></span> <span class='ocrx_word' id='word_1_184' title='bbox 426 2692 484 2748; x_wconf 90' lang='lat' dir='ltr'><strong>in</strong></span> <span class='ocrx_word' id='word_1_185' title='bbox 515 2709 584 2749; x_wconf 88' lang='lat' dir='ltr'><strong>eo</strong></span> <span class='ocrx_word' id='word_1_186' title='bbox 608 2694 902 2763; x_wconf 85' lang='lat' dir='ltr'><strong>viderent;</strong></span> <span class='ocrx_word' id='word_1_187' title='bbox 931 2709 1027 2749; x_wconf 82' lang='lat' dir='ltr'><strong>nec</strong></span> <span class='ocrx_word' id='word_1_188' title='bbox 1052 2695 1187 2761; x_wconf 77' lang='lat' dir='ltr'><strong>fecit</strong></span> <span class='ocrx_word' id='word_1_189' title='bbox 1210 2697 1433 2764; x_wconf 72' lang='lat' dir='ltr'><strong>multaS,</strong></span> 
     </span>
     <span class='ocr_line' id='line_1_34' title="bbox 273 2763 1438 2835; baseline 0.003 -16"><span class='ocrx_word' id='word_1_190' title='bbox 273 2780 344 2819; x_wconf 89' lang='lat' dir='ltr'><strong>ne</strong></span> <span class='ocrx_word' id='word_1_191' title='bbox 371 2763 628 2821; x_wconf 88' lang='lat' dir='ltr'><strong>infideles</strong></span> <span class='ocrx_word' id='word_1_192' title='bbox 647 2765 890 2835; x_wconf 90' lang='lat' dir='ltr'><strong>amplius</strong></span> <span class='ocrx_word' id='word_1_193' title='bbox 919 2764 1349 2835; x_wconf 85' lang='lat' dir='ltr'><strong>damnarentur,</strong></span> <span class='ocrx_word' id='word_1_194' title='bbox 1381 2766 1438 2822; x_wconf 91' lang='lat' dir='ltr'><strong>id</strong></span> 
     </span>
     <span class='ocr_line' id='line_1_35' title="bbox 273 2836 1435 2906; baseline 0.001 -15"><span class='ocrx_word' id='word_1_195' title='bbox 273 2840 354 2891; x_wconf 86' lang='lat' dir='ltr'><strong>est</strong></span> <span class='ocrx_word' id='word_1_196' title='bbox 376 2836 496 2905; x_wconf 89' lang='lat' dir='ltr'><strong>plus</strong></span> <span class='ocrx_word' id='word_1_197' title='bbox 525 2837 884 2906; x_wconf 81' lang='lat' dir='ltr'><strong>punirentur,</strong></span> <span class='ocrx_word' id='word_1_198' title='bbox 902 2836 1038 2891; x_wconf 89' lang='lat' dir='ltr'><strong>dum</strong></span> <span class='ocrx_word' id='word_1_199' title='bbox 1062 2837 1275 2892; x_wconf 89' lang='lat' dir='ltr'><strong>scilicet</strong></span> <span class='ocrx_word' id='word_1_200' title='bbox 1301 2852 1435 2892; x_wconf 90' lang='lat' dir='ltr'><strong>con-</strong></span> 
     </span>
     <span class='ocr_line' id='line_1_36' title="bbox 272 2905 1438 2976; baseline 0 -14"><span class='ocrx_word' id='word_1_201' title='bbox 272 2911 613 2962; x_wconf 86' lang='lat' dir='ltr'><strong>temnerent.</strong></span> <span class='ocrx_word' id='word_1_202' title='bbox 653 2907 811 2962; x_wconf 91' lang='lat' dir='ltr'><strong>Unde</strong></span> <span class='ocrx_word' id='word_1_203' title='bbox 849 2905 930 2962; x_wconf 87' lang='lat' dir='ltr'><strong>ait</strong></span> <span class='ocrx_word' id='word_1_204' title='bbox 967 2908 1381 2976; x_wconf 73' lang='lat' dir='ltr'><strong>Chrysostomas</strong></span> <span class='ocrx_word' id='word_1_205' title='bbox 1420 2927 1438 2963; x_wconf 77' lang='grc' dir='ltr'><strong><em>ε</em></strong></span> 
     </span>
     <span class='ocr_line' id='line_1_37' title="bbox 274 2975 1434 3048; baseline 0.006 -19"><span class='ocrx_word' id='word_1_206' title='bbox 274 2995 305 3029; x_wconf 71' lang='grc' dir='ltr'><strong>α</strong></span> <span class='ocrx_word' id='word_1_207' title='bbox 336 2978 522 3032; x_wconf 90' lang='lat' dir='ltr'><strong>Pauca</strong></span> <span class='ocrx_word' id='word_1_208' title='bbox 571 2975 707 3033; x_wconf 79' lang='lat' dir='ltr'><strong>fecit</strong></span> <span class='ocrx_word' id='word_1_209' title='bbox 750 2978 939 3048; x_wconf 83' lang='lat' dir='ltr'><strong>signa,</strong></span> <span class='ocrx_word' id='word_1_210' title='bbox 992 2994 1064 3034; x_wconf 90' lang='lat' dir='ltr'><strong>ne</strong></span> <span class='ocrx_word' id='word_1_211' title='bbox 1112 2979 1367 3034; x_wconf 87' lang='lat' dir='ltr'><strong>dicerent</strong></span> <span class='ocrx_word' id='word_1_212' title='bbox 1421 2997 1434 3036; x_wconf 87' lang='grc'>;</span> 
     </span>
     <span class='ocr_line' id='line_1_38' title="bbox 271 3045 1432 3121; baseline 0 -17"><span class='ocrx_word' id='word_1_213' title='bbox 271 3045 459 3104; x_wconf 83' lang='lat' dir='ltr'><strong>Hostis</strong></span> <span class='ocrx_word' id='word_1_214' title='bbox 487 3053 573 3103; x_wconf 86' lang='lat' dir='ltr'><strong>est</strong></span> <span class='ocrx_word' id='word_1_215' title='bbox 598 3047 780 3112; x_wconf 77' lang='lat' dir='ltr'><strong>nobiS,</strong></span> <span class='ocrx_word' id='word_1_216' title='bbox 813 3055 869 3104; x_wconf 90' lang='lat' dir='ltr'><strong>et</strong></span> <span class='ocrx_word' id='word_1_217' title='bbox 896 3049 1151 3120; x_wconf 89' lang='lat' dir='ltr'><strong>proprios</strong></span> <span class='ocrx_word' id='word_1_218' title='bbox 1178 3050 1432 3121; x_wconf 87' lang='lat' dir='ltr'><strong>despicit,</strong></span> 
     </span>
     <span class='ocr_line' id='line_1_39' title="bbox 272 3117 1439 3192; baseline 0.002 -18"><span class='ocrx_word' id='word_1_219' title='bbox 272 3117 323 3176; x_wconf 90' lang='lat' dir='ltr'><strong>si</strong></span> <span class='ocrx_word' id='word_1_220' title='bbox 368 3117 519 3173; x_wconf 81' lang='lat' dir='ltr'><strong>facta</strong></span> <span class='ocrx_word' id='word_1_221' title='bbox 561 3122 746 3174; x_wconf 87' lang='lat' dir='ltr'><strong>essent</strong></span> <span class='ocrx_word' id='word_1_222' title='bbox 787 3119 971 3191; x_wconf 87' lang='lat' dir='ltr'><strong>signa,</strong></span> <span class='ocrx_word' id='word_1_223' title='bbox 1003 3126 1060 3176; x_wconf 87' lang='lat' dir='ltr'><strong>ct</strong></span> <span class='ocrx_word' id='word_1_224' title='bbox 1100 3136 1202 3175; x_wconf 90' lang='lat' dir='ltr'><strong>nos</strong></span> <span class='ocrx_word' id='word_1_225' title='bbox 1244 3123 1439 3192; x_wconf 87' lang='lat' dir='ltr'><strong>utique</strong></span> 
     </span>
     <span class='ocr_line' id='line_1_40' title="bbox 271 3189 1431 3264; baseline 0.002 -18"><span class='ocrx_word' id='word_1_226' title='bbox 271 3189 720 3249; x_wconf 78' lang='lat' dir='ltr'><strong>credidissemus,</strong></span> <span class='ocrx_word' id='word_1_227' title='bbox 735 3192 971 3261; x_wconf 86' lang='lat' dir='ltr'><strong>Propter</strong></span> <span class='ocrx_word' id='word_1_228' title='bbox 988 3191 1097 3246; x_wconf 90' lang='lat' dir='ltr'><strong>hoc</strong></span> <span class='ocrx_word' id='word_1_229' title='bbox 1115 3207 1252 3264; x_wconf 84' lang='lat' dir='ltr'><strong>ergo</strong></span> <span class='ocrx_word' id='word_1_230' title='bbox 1280 3192 1431 3260; x_wconf 83' lang='lat' dir='ltr'><strong>iecit,</strong></span> 
     </span>
     <span class='ocr_line' id='line_1_41' title="bbox 275 3262 1438 3333; baseline 0.003 -18"><span class='ocrx_word' id='word_1_231' title='bbox 275 3265 335 3316; x_wconf 89' lang='lat' dir='ltr'><strong>ut</strong></span> <span class='ocrx_word' id='word_1_232' title='bbox 359 3262 510 3333; x_wconf 90' lang='lat' dir='ltr'><strong>quod</strong></span> <span class='ocrx_word' id='word_1_233' title='bbox 538 3277 702 3318; x_wconf 90' lang='lat' dir='ltr'><strong>suum</strong></span> <span class='ocrx_word' id='word_1_234' title='bbox 732 3268 817 3318; x_wconf 91' lang='lat' dir='ltr'><strong>est</strong></span> <span class='ocrx_word' id='word_1_235' title='bbox 844 3262 1108 3332; x_wconf 88' lang='lat' dir='ltr'><strong>impleat;</strong></span> <span class='ocrx_word' id='word_1_236' title='bbox 1136 3264 1236 3319; x_wconf 86' lang='lat' dir='ltr'><strong>sed</strong></span> <span class='ocrx_word' id='word_1_237' title='bbox 1263 3264 1438 3320; x_wconf 90' lang='lat' dir='ltr'><strong>conti·</strong></span> 
     </span>
     <span class='ocr_line' id='line_1_42' title="bbox 270 3332 1437 3403; baseline 0.003 -16"><span class='ocrx_word' id='word_1_238' title='bbox 270 3332 415 3401; x_wconf 86' lang='lat' dir='ltr'><strong>nuit,</strong></span> <span class='ocrx_word' id='word_1_239' title='bbox 443 3338 505 3388; x_wconf 91' lang='lat' dir='ltr'><strong>ut</strong></span> <span class='ocrx_word' id='word_1_240' title='bbox 547 3349 665 3389; x_wconf 89' lang='lat' dir='ltr'><strong>non</strong></span> <span class='ocrx_word' id='word_1_241' title='bbox 710 3333 835 3389; x_wconf 89' lang='lat' dir='ltr'><strong>illos</strong></span> <span class='ocrx_word' id='word_1_242' title='bbox 880 3334 1123 3403; x_wconf 87' lang='lat' dir='ltr'><strong>amplius</strong></span> <span class='ocrx_word' id='word_1_243' title='bbox 1168 3337 1437 3391; x_wconf 91' lang='lat' dir='ltr'><strong>condem·</strong></span> 
     </span>
     <span class='ocr_line' id='line_1_43' title="bbox 271 3404 1086 3474; baseline 0.002 -16"><span class='ocrx_word' id='word_1_244' title='bbox 271 3408 367 3458; x_wconf 86' lang='lat' dir='ltr'><strong>net</strong></span> <span class='ocrx_word' id='word_1_245' title='bbox 397 3420 412 3459; x_wconf 90' lang='lat'>:</span> <span class='ocrx_word' id='word_1_246' title='bbox 443 3423 473 3455; x_wconf 90' lang='lat'>»</span> <span class='ocrx_word' id='word_1_247' title='bbox 503 3404 626 3460; x_wconf 85' lang='lat' dir='ltr'><strong>haec</strong></span> <span class='ocrx_word' id='word_1_248' title='bbox 655 3405 1086 3474; x_wconf 74' lang='lat' dir='ltr'><strong>chrysostomus.</strong></span> 
     </span>
    </p>

    <p class='ocr_par' dir='ltr' id='par_1_3' title="bbox 264 3476 1442 4028">
     <span class='ocr_line' id='line_1_44' title="bbox 339 3476 1442 3536; baseline 0.006 -7"><span class='ocrx_word' id='word_1_249' title='bbox 339 3477 372 3529; x_wconf 83' lang='lat'>8</span> <span class='ocrx_word' id='word_1_250' title='bbox 398 3476 695 3533; x_wconf 59' lang='lat' dir='ltr'><strong>Emptum</strong></span> <span class='ocrx_word' id='word_1_251' title='bbox 722 3493 880 3532; x_wconf 81' lang='lat' dir='ltr'><strong>smur</strong></span> <span class='ocrx_word' id='word_1_252' title='bbox 911 3477 1177 3534; x_wconf 76' lang='lat' dir='ltr'><strong>Camsrus</strong></span> <span class='ocrx_word' id='word_1_253' title='bbox 1208 3493 1275 3533; x_wconf 75' lang='lat' dir='ltr'><strong>na</strong></span> <span class='ocrx_word' id='word_1_254' title='bbox 1303 3479 1442 3536; x_wconf 66' lang='lat' dir='ltr'><strong>Eua</strong></span> 
     </span>
     <span class='ocr_line' id='line_1_45' title="bbox 268 3545 1439 3606; baseline 0.003 -6"><span class='ocrx_word' id='word_1_255' title='bbox 268 3561 334 3601; x_wconf 75' lang='grc' dir='ltr'><strong>ιτ</strong></span> <span class='ocrx_word' id='word_1_256' title='bbox 362 3546 596 3602; x_wconf 66' lang='lat' dir='ltr'><strong>Eusaso.</strong></span> <span class='ocrx_word' id='word_1_257' title='bbox 634 3578 694 3587; x_wconf 89' lang='lat'><strong>—-</strong></span> <span class='ocrx_word' id='word_1_258' title='bbox 725 3548 809 3602; x_wconf 86' lang='lat' dir='ltr'><strong>Ad</strong></span> <span class='ocrx_word' id='word_1_259' title='bbox 835 3545 920 3602; x_wconf 90' lang='lat' dir='ltr'><strong>sui</strong></span> <span class='ocrx_word' id='word_1_260' title='bbox 945 3552 1142 3605; x_wconf 92' lang='lat' dir='ltr'><strong>autem</strong></span> <span class='ocrx_word' id='word_1_261' title='bbox 1172 3551 1439 3606; x_wconf 85' lang='lat' dir='ltr'><strong>excusati-</strong></span> 
     </span>
     <span class='ocr_line' id='line_1_46' title="bbox 268 3617 1440 3691; baseline 0.003 -19"><span class='ocrx_word' id='word_1_262' title='bbox 268 3630 461 3685; x_wconf 84' lang='lat' dir='ltr'><strong>onem,</strong></span> <span class='ocrx_word' id='word_1_263' title='bbox 497 3632 673 3686; x_wconf 89' lang='lat' dir='ltr'><strong>quare</strong></span> <span class='ocrx_word' id='word_1_264' title='bbox 713 3617 828 3686; x_wconf 90' lang='lat' dir='ltr'><strong>ipse</strong></span> <span class='ocrx_word' id='word_1_265' title='bbox 860 3618 1134 3675; x_wconf 92' lang='lat' dir='ltr'><strong>Dominus</strong></span> <span class='ocrx_word' id='word_1_266' title='bbox 1170 3621 1226 3676; x_wconf 90' lang='lat' dir='ltr'><strong>in</strong></span> <span class='ocrx_word' id='word_1_267' title='bbox 1257 3621 1440 3691; x_wconf 88' lang='lat' dir='ltr'><strong>patria</strong></span> 
     </span>
     <span class='ocr_line' id='line_1_47' title="bbox 264 3687 1438 3762; baseline 0.005 -21"><span class='ocrx_word' id='word_1_268' title='bbox 264 3701 390 3755; x_wconf 83' lang='lat' dir='ltr'><strong>sua,</strong></span> <span class='ocrx_word' id='word_1_269' title='bbox 431 3687 525 3742; x_wconf 86' lang='lat' dir='ltr'><strong>ubi</strong></span> <span class='ocrx_word' id='word_1_270' title='bbox 562 3691 826 3758; x_wconf 89' lang='lat' dir='ltr'><strong>acceptus</strong></span> <span class='ocrx_word' id='word_1_271' title='bbox 872 3704 986 3745; x_wconf 92' lang='lat' dir='ltr'><strong>non</strong></span> <span class='ocrx_word' id='word_1_272' title='bbox 1038 3695 1181 3762; x_wconf 86' lang='lat' dir='ltr'><strong>erat,</strong></span> <span class='ocrx_word' id='word_1_273' title='bbox 1234 3693 1438 3748; x_wconf 84' lang='lat' dir='ltr'><strong>multas</strong></span> 
     </span>
     <span class='ocr_line' id='line_1_48' title="bbox 269 3759 1436 3838; baseline 0.005 -26"><span class='ocrx_word' id='word_1_274' title='bbox 269 3759 504 3838; x_wconf 74' lang='lat' dir='ltr'><strong>virtutes</strong></span> <span class='ocrx_word' id='word_1_275' title='bbox 544 3774 654 3814; x_wconf 83' lang='lat' dir='ltr'><strong>non</strong></span> <span class='ocrx_word' id='word_1_276' title='bbox 693 3759 848 3828; x_wconf 79' lang='lat' dir='ltr'><strong>fecit,</strong></span> <span class='ocrx_word' id='word_1_277' title='bbox 886 3762 1135 3817; x_wconf 89' lang='lat' dir='ltr'><strong>ostendit</strong></span> <span class='ocrx_word' id='word_1_278' title='bbox 1181 3764 1436 3833; x_wconf 83' lang='lat' dir='ltr'><strong>exemplo</strong></span> 
     </span>
     <span class='ocr_line' id='line_1_49' title="bbox 264 3828 1435 3902; baseline 0.003 -17"><span class='ocrx_word' id='word_1_279' title='bbox 264 3828 404 3885; x_wconf 82' lang='lat' dir='ltr'><strong>Eliae</strong></span> <span class='ocrx_word' id='word_1_280' title='bbox 454 3833 511 3884; x_wconf 88' lang='lat' dir='ltr'><strong>et</strong></span> <span class='ocrx_word' id='word_1_281' title='bbox 556 3830 763 3900; x_wconf 85' lang='lat' dir='ltr'><strong>Elisaei,</strong></span> <span class='ocrx_word' id='word_1_282' title='bbox 798 3832 947 3902; x_wconf 92' lang='lat' dir='ltr'><strong>quod</strong></span> <span class='ocrx_word' id='word_1_283' title='bbox 991 3832 1253 3888; x_wconf 90' lang='lat' dir='ltr'><strong>similiter</strong></span> <span class='ocrx_word' id='word_1_284' title='bbox 1301 3835 1435 3889; x_wconf 88' lang='lat' dir='ltr'><strong>Pro-</strong></span> 
     </span>
     <span class='ocr_line' id='line_1_50' title="bbox 264 3899 1435 4028; baseline 0.005 -74"><span class='ocrx_word' id='word_1_285' title='bbox 264 3899 457 4028; x_wconf 58' lang='lat' dir='ltr'><strong>ffiietae</strong></span> <span class='ocrx_word' id='word_1_286' title='bbox 475 3905 693 3957; x_wconf 86' lang='lat' dir='ltr'><strong>veteres</strong></span> <span class='ocrx_word' id='word_1_287' title='bbox 716 3902 775 3958; x_wconf 93' lang='lat' dir='ltr'><strong>in</strong></span> <span class='ocrx_word' id='word_1_288' title='bbox 796 3903 1001 3975; x_wconf 84' lang='lat' dir='ltr'><strong>majori</strong></span> <span class='ocrx_word' id='word_1_289' title='bbox 1026 3904 1246 3960; x_wconf 90' lang='lat' dir='ltr'><strong>honore</strong></span> <span class='ocrx_word' id='word_1_290' title='bbox 1269 3904 1435 3960; x_wconf 87' lang='lat' dir='ltr'><strong>habe-</strong></span> 
     </span>
    </p>

    <p class='ocr_par' dir='ltr' id='par_1_4' title="bbox 261 3972 1439 4401">
     <span class='ocr_line' id='line_1_51' title="bbox 341 3972 1435 4046; baseline 0.005 -21"><span class='ocrx_word' id='word_1_291' title='bbox 341 3977 479 4026; x_wconf 84' lang='lat' dir='ltr'><strong>ntur</strong></span> <span class='ocrx_word' id='word_1_292' title='bbox 521 3972 672 4042; x_wconf 90' lang='lat' dir='ltr'><strong>apud</strong></span> <span class='ocrx_word' id='word_1_293' title='bbox 721 3980 1037 4045; x_wconf 82' lang='lat' dir='ltr'><strong>extraneos,</strong></span> <span class='ocrx_word' id='word_1_294' title='bbox 1072 3990 1242 4046; x_wconf 89' lang='lat' dir='ltr'><strong>quam</strong></span> <span class='ocrx_word' id='word_1_295' title='bbox 1286 3975 1435 4045; x_wconf 91' lang='lat' dir='ltr'><strong>apud</strong></span> 
     </span>
     <span class='ocr_line' id='line_1_52' title="bbox 264 4040 1437 4117; baseline 0.004 -19"><span class='ocrx_word' id='word_1_296' title='bbox 264 4040 641 4113; x_wconf 79' lang='lat' dir='ltr'><strong>domesticos3</strong></span> <span class='ocrx_word' id='word_1_297' title='bbox 679 4049 736 4100; x_wconf 87' lang='lat' dir='ltr'><strong>et</strong></span> <span class='ocrx_word' id='word_1_298' title='bbox 774 4044 928 4117; x_wconf 89' lang='lat' dir='ltr'><strong>quod</strong></span> <span class='ocrx_word' id='word_1_299' title='bbox 965 4046 1128 4117; x_wconf 86' lang='lat' dir='ltr'><strong>plura</strong></span> <span class='ocrx_word' id='word_1_300' title='bbox 1164 4047 1437 4103; x_wconf 90' lang='lat' dir='ltr'><strong>miracula</strong></span> 
     </span>
     <span class='ocr_line' id='line_1_53' title="bbox 263 4110 1436 4190; baseline 0.004 -21"><span class='ocrx_word' id='word_1_301' title='bbox 263 4110 550 4170; x_wconf 65' lang='lat' dir='ltr'><strong>faciebant</strong></span> <span class='ocrx_word' id='word_1_302' title='bbox 593 4116 745 4186; x_wconf 90' lang='lat' dir='ltr'><strong>apud</strong></span> <span class='ocrx_word' id='word_1_303' title='bbox 792 4115 1031 4186; x_wconf 77' lang='lat' dir='ltr'><strong>alieuoS,</strong></span> <span class='ocrx_word' id='word_1_304' title='bbox 1066 4133 1239 4189; x_wconf 88' lang='lat' dir='ltr'><strong>quam</strong></span> <span class='ocrx_word' id='word_1_305' title='bbox 1284 4119 1436 4190; x_wconf 88' lang='lat' dir='ltr'><strong>apud</strong></span> 
     </span>
     <span class='ocr_line' id='line_1_54' title="bbox 264 4186 1436 4260; baseline 0.002 -20"><span class='ocrx_word' id='word_1_306' title='bbox 264 4199 415 4241; x_wconf 88' lang='lat' dir='ltr'><strong>suos.</strong></span> <span class='ocrx_word' id='word_1_307' title='bbox 431 4186 580 4241; x_wconf 83' lang='lat' dir='ltr'><strong>Elias</strong></span> <span class='ocrx_word' id='word_1_308' title='bbox 598 4186 755 4242; x_wconf 90' lang='lat' dir='ltr'><strong>enim</strong></span> <span class='ocrx_word' id='word_1_309' title='bbox 768 4203 803 4243; x_wconf 92' lang='lat' dir='ltr'><strong>a</strong></span> <span class='ocrx_word' id='word_1_310' title='bbox 821 4189 1031 4244; x_wconf 87' lang='lat' dir='ltr'><strong>Judaeis</strong></span> <span class='ocrx_word' id='word_1_311' title='bbox 1048 4189 1436 4260; x_wconf 77' lang='lat' dir='ltr'><strong>expellebatur</strong></span> 
     </span>
     <span class='ocr_line' id='line_1_55' title="bbox 261 4256 1435 4337; baseline 0.003 -26"><span class='ocrx_word' id='word_1_312' title='bbox 261 4259 321 4311; x_wconf 90' lang='lat' dir='ltr'><strong>et</strong></span> <span class='ocrx_word' id='word_1_313' title='bbox 345 4256 850 4337; x_wconf 80' lang='lat' dir='ltr'><strong>contemnebatur;</strong></span> <span class='ocrx_word' id='word_1_314' title='bbox 878 4275 914 4316; x_wconf 91' lang='lat' dir='ltr'><strong>a</strong></span> <span class='ocrx_word' id='word_1_315' title='bbox 940 4259 1218 4317; x_wconf 86' lang='lat' dir='ltr'><strong>Gentibus</strong></span> <span class='ocrx_word' id='word_1_316' title='bbox 1244 4265 1435 4315; x_wconf 89' lang='lat' dir='ltr'><strong>autem</strong></span> 
     </span>
     <span class='ocr_line' id='line_1_56' title="bbox 264 4327 1439 4401; baseline 0.005 -18"><span class='ocrx_word' id='word_1_317' title='bbox 264 4329 325 4383; x_wconf 77' lang='lat' dir='ltr'><strong>et</strong></span> <span class='ocrx_word' id='word_1_318' title='bbox 363 4327 571 4384; x_wconf 77' lang='lat' dir='ltr'><strong>alienis</strong></span> <span class='ocrx_word' id='word_1_319' title='bbox 599 4327 983 4401; x_wconf 85' lang='lat' dir='ltr'><strong>recipiebatur</strong></span> <span class='ocrx_word' id='word_1_320' title='bbox 1022 4336 1084 4388; x_wconf 90' lang='lat' dir='ltr'><strong>et</strong></span> <span class='ocrx_word' id='word_1_321' title='bbox 1119 4331 1439 4388; x_wconf 82' lang='lat' dir='ltr'><strong>honoraba-</strong></span> 
     </span>
    </p>
   </div>
   <div class='ocr_carea' id='block_1_3' title="bbox 1542 558 2727 4402">
    <p class='ocr_par' dir='ltr' id='par_1_5' title="bbox 1543 558 2727 4045">
     <span class='ocr_line' id='line_1_57' title="bbox 1549 558 2709 631; baseline 0.003 -17"><span class='ocrx_word' id='word_1_322' title='bbox 1549 574 1668 629; x_wconf 80' lang='lat' dir='ltr'><strong>sus,</strong></span> <span class='ocrx_word' id='word_1_323' title='bbox 1693 558 1867 625; x_wconf 87' lang='lat' dir='ltr'><strong>euim,</strong></span> <span class='ocrx_word' id='word_1_324' title='bbox 1884 558 1960 613; x_wconf 79' lang='lat' dir='ltr'><strong>ad</strong></span> <span class='ocrx_word' id='word_1_325' title='bbox 1974 558 2202 614; x_wconf 79' lang='lat' dir='ltr'><strong>viduam</strong></span> <span class='ocrx_word' id='word_1_326' title='bbox 2219 560 2281 613; x_wconf 81' lang='lat' dir='ltr'><strong>in</strong></span> <span class='ocrx_word' id='word_1_327' title='bbox 2293 560 2549 631; x_wconf 78' lang='lat' dir='ltr'><strong>Sarepta,</strong></span> <span class='ocrx_word' id='word_1_328' title='bbox 2572 561 2709 618; x_wconf 89' lang='lat' dir='ltr'><strong>urbe</strong></span> 
     </span>
     <span class='ocr_line' id='line_1_58' title="bbox 1555 629 2721 710; baseline 0.001 -23"><span class='ocrx_word' id='word_1_329' title='bbox 1555 630 1803 687; x_wconf 61' lang='lat' dir='ltr'><strong>Sidonias</strong></span> <span class='ocrx_word' id='word_1_330' title='bbox 1824 629 2152 710; x_wconf 61' lang='lat' dir='ltr'><strong>provinciae,</strong></span> <span class='ocrx_word' id='word_1_331' title='bbox 2167 637 2424 699; x_wconf 88' lang='lat' dir='ltr'><strong>receptus</strong></span> <span class='ocrx_word' id='word_1_332' title='bbox 2444 638 2525 687; x_wconf 91' lang='lat' dir='ltr'><strong>est</strong></span> <span class='ocrx_word' id='word_1_333' title='bbox 2542 632 2721 688; x_wconf 89' lang='lat' dir='ltr'><strong>hono-</strong></span> 
     </span>
     <span class='ocr_line' id='line_1_59' title="bbox 1550 699 2718 773; baseline 0.001 -16"><span class='ocrx_word' id='word_1_334' title='bbox 1550 700 1736 770; x_wconf 85' lang='lat' dir='ltr'><strong>rifice,</strong></span> <span class='ocrx_word' id='word_1_335' title='bbox 1758 702 1953 771; x_wconf 83' lang='lat' dir='ltr'><strong>ibique</strong></span> <span class='ocrx_word' id='word_1_336' title='bbox 1972 699 2085 755; x_wconf 89' lang='lat' dir='ltr'><strong>duo</strong></span> <span class='ocrx_word' id='word_1_337' title='bbox 2108 700 2381 755; x_wconf 88' lang='lat' dir='ltr'><strong>miracula</strong></span> <span class='ocrx_word' id='word_1_338' title='bbox 2397 701 2560 759; x_wconf 83' lang='lat' dir='ltr'><strong>fecit:</strong></span> <span class='ocrx_word' id='word_1_339' title='bbox 2588 703 2718 773; x_wconf 86' lang='lat' dir='ltr'><strong>quia</strong></span> 
     </span>
     <span class='ocr_line' id='line_1_60' title="bbox 1551 769 2717 841; baseline 0.001 -13"><span class='ocrx_word' id='word_1_340' title='bbox 1551 772 1738 828; x_wconf 85' lang='lat' dir='ltr'><strong>farina</strong></span> <span class='ocrx_word' id='word_1_341' title='bbox 1762 777 1822 828; x_wconf 91' lang='lat' dir='ltr'><strong>et</strong></span> <span class='ocrx_word' id='word_1_342' title='bbox 1848 771 2036 826; x_wconf 88' lang='lat' dir='ltr'><strong>oleum</strong></span> <span class='ocrx_word' id='word_1_343' title='bbox 2063 785 2180 827; x_wconf 94' lang='lat' dir='ltr'><strong>non</strong></span> <span class='ocrx_word' id='word_1_344' title='bbox 2206 769 2429 841; x_wconf 76' lang='lat' dir='ltr'><strong>deiecit,</strong></span> <span class='ocrx_word' id='word_1_345' title='bbox 2451 779 2509 828; x_wconf 91' lang='lat' dir='ltr'><strong>et</strong></span> <span class='ocrx_word' id='word_1_346' title='bbox 2535 771 2717 830; x_wconf 82' lang='lat' dir='ltr'><strong>fllium</strong></span> 
     </span>
     <span class='ocr_line' id='line_1_61' title="bbox 1552 842 2722 906; baseline 0.003 -8"><span class='ocrx_word' id='word_1_347' title='bbox 1552 844 1739 900; x_wconf 83' lang='lat' dir='ltr'><strong>viduae</strong></span> <span class='ocrx_word' id='word_1_348' title='bbox 1766 848 2075 906; x_wconf 88' lang='lat' dir='ltr'><strong>mortuum,</strong></span> <span class='ocrx_word' id='word_1_349' title='bbox 2105 842 2322 897; x_wconf 88' lang='lat' dir='ltr'><strong>scilicet</strong></span> <span class='ocrx_word' id='word_1_350' title='bbox 2344 842 2547 898; x_wconf 83' lang='lat' dir='ltr'><strong>Jonam</strong></span> <span class='ocrx_word' id='word_1_351' title='bbox 2585 846 2722 901; x_wconf 86' lang='lat' dir='ltr'><strong>Pro-</strong></span> 
     </span>
     <span class='ocr_line' id='line_1_62' title="bbox 1554 913 2719 986; baseline 0 -16"><span class='ocrx_word' id='word_1_352' title='bbox 1554 915 1804 986; x_wconf 87' lang='lat' dir='ltr'><strong>phetam‚</strong></span> <span class='ocrx_word' id='word_1_353' title='bbox 1817 913 2126 970; x_wconf 84' lang='lat' dir='ltr'><strong>suscitavit.</strong></span> <span class='ocrx_word' id='word_1_354' title='bbox 2146 914 2272 970; x_wconf 90' lang='lat' dir='ltr'><strong>Non</strong></span> <span class='ocrx_word' id='word_1_355' title='bbox 2294 928 2430 985; x_wconf 86' lang='lat' dir='ltr'><strong>ergo</strong></span> <span class='ocrx_word' id='word_1_356' title='bbox 2450 916 2511 968; x_wconf 84' lang='lat' dir='ltr'><strong>in</strong></span> <span class='ocrx_word' id='word_1_357' title='bbox 2525 915 2719 985; x_wconf 80' lang='lat' dir='ltr'><strong>Israel,</strong></span> 
     </span>
     <span class='ocr_line' id='line_1_63' title="bbox 1553 982 2727 1053; baseline -0.001 -11"><span class='ocrx_word' id='word_1_358' title='bbox 1553 983 1651 1044; x_wconf 89' lang='lat' dir='ltr'><strong>ubi</strong></span> <span class='ocrx_word' id='word_1_359' title='bbox 1683 988 1869 1042; x_wconf 69' lang='lat' dir='ltr'><strong>multas</strong></span> <span class='ocrx_word' id='word_1_360' title='bbox 1902 986 2083 1041; x_wconf 66' lang='lat' dir='ltr'><strong>vidua</strong></span> <span class='ocrx_word' id='word_1_361' title='bbox 2117 989 2295 1053; x_wconf 80' lang='lat' dir='ltr'><strong>erant,</strong></span> <span class='ocrx_word' id='word_1_362' title='bbox 2324 985 2427 1040; x_wconf 89' lang='lat' dir='ltr'><strong>sed</strong></span> <span class='ocrx_word' id='word_1_363' title='bbox 2462 982 2524 1040; x_wconf 88' lang='lat' dir='ltr'><strong>in</strong></span> <span class='ocrx_word' id='word_1_364' title='bbox 2572 985 2727 1041; x_wconf 92' lang='lat' dir='ltr'><strong>Sido-</strong></span> 
     </span>
     <span class='ocr_line' id='line_1_64' title="bbox 1552 1056 2723 1128; baseline 0 -15"><span class='ocrx_word' id='word_1_365' title='bbox 1552 1058 1671 1126; x_wconf 90' lang='lat' dir='ltr'><strong>nia,</strong></span> <span class='ocrx_word' id='word_1_366' title='bbox 1691 1057 2034 1128; x_wconf 85' lang='lat' dir='ltr'><strong>operabatur</strong></span> <span class='ocrx_word' id='word_1_367' title='bbox 2055 1056 2360 1114; x_wconf 86' lang='lat' dir='ltr'><strong>miracula:</strong></span> <span class='ocrx_word' id='word_1_368' title='bbox 2386 1056 2520 1127; x_wconf 89' lang='lat' dir='ltr'><strong>quia</strong></span> <span class='ocrx_word' id='word_1_369' title='bbox 2539 1056 2723 1113; x_wconf 81' lang='lat' dir='ltr'><strong>viduae</strong></span> 
     </span>
     <span class='ocr_line' id='line_1_65' title="bbox 1552 1126 2720 1191; baseline 0 -7"><span class='ocrx_word' id='word_1_370' title='bbox 1552 1129 1722 1185; x_wconf 88' lang='lat' dir='ltr'><strong>Israel</strong></span> <span class='ocrx_word' id='word_1_371' title='bbox 1748 1144 1862 1184; x_wconf 95' lang='lat' dir='ltr'><strong>non</strong></span> <span class='ocrx_word' id='word_1_372' title='bbox 1891 1134 2056 1184; x_wconf 89' lang='lat' dir='ltr'><strong>erant</strong></span> <span class='ocrx_word' id='word_1_373' title='bbox 2084 1127 2164 1183; x_wconf 87' lang='lat' dir='ltr'><strong>ita</strong></span> <span class='ocrx_word' id='word_1_374' title='bbox 2188 1126 2428 1191; x_wconf 81' lang='lat' dir='ltr'><strong>devotae,</strong></span> <span class='ocrx_word' id='word_1_375' title='bbox 2451 1128 2597 1183; x_wconf 89' lang='lat' dir='ltr'><strong>sicut</strong></span> <span class='ocrx_word' id='word_1_376' title='bbox 2624 1128 2720 1184; x_wconf 87' lang='lat' dir='ltr'><strong>illa</strong></span> 
     </span>
     <span class='ocr_line' id='line_1_66' title="bbox 1552 1196 2725 1281; baseline -0.002 -25"><span class='ocrx_word' id='word_1_377' title='bbox 1552 1199 1758 1256; x_wconf 90' lang='lat' dir='ltr'><strong>mulier</strong></span> <span class='ocrx_word' id='word_1_378' title='bbox 1778 1200 2118 1269; x_wconf 88' lang='lat' dir='ltr'><strong>Sareptana;</strong></span> <span class='ocrx_word' id='word_1_379' title='bbox 2146 1204 2204 1253; x_wconf 91' lang='lat' dir='ltr'><strong>et</strong></span> <span class='ocrx_word' id='word_1_380' title='bbox 2221 1198 2355 1281; x_wconf 83' lang='lat' dir='ltr'><strong>quia</strong></span> <span class='ocrx_word' id='word_1_381' title='bbox 2373 1196 2520 1253; x_wconf 84' lang='lat' dir='ltr'><strong>Elias</strong></span> <span class='ocrx_word' id='word_1_382' title='bbox 2540 1214 2725 1268; x_wconf 90' lang='lat' dir='ltr'><strong>perse-</strong></span> 
     </span>
     <span class='ocr_line' id='line_1_67' title="bbox 1551 1269 2715 1341; baseline -0.002 -15"><span class='ocrx_word' id='word_1_383' title='bbox 1551 1272 1839 1327; x_wconf 91' lang='lat' dir='ltr'><strong>cutionem</strong></span> <span class='ocrx_word' id='word_1_384' title='bbox 1875 1271 2197 1341; x_wconf 88' lang='lat' dir='ltr'><strong>patiebatur</strong></span> <span class='ocrx_word' id='word_1_385' title='bbox 2233 1286 2294 1326; x_wconf 82' lang='lat' dir='ltr'><strong>in</strong></span> <span class='ocrx_word' id='word_1_386' title='bbox 2330 1273 2486 1326; x_wconf 89' lang='lat' dir='ltr'><strong>terra</strong></span> <span class='ocrx_word' id='word_1_387' title='bbox 2522 1269 2715 1339; x_wconf 87' lang='lat' dir='ltr'><strong>lsrael,</strong></span> 
     </span>
     <span class='ocr_line' id='line_1_68' title="bbox 1552 1340 2717 1424; baseline -0.003 -25"><span class='ocrx_word' id='word_1_388' title='bbox 1552 1358 1681 1424; x_wconf 84' lang='lat' dir='ltr'><strong>quae</strong></span> <span class='ocrx_word' id='word_1_389' title='bbox 1709 1340 1994 1398; x_wconf 85' lang='lat' dir='ltr'><strong>debuisset</strong></span> <span class='ocrx_word' id='word_1_390' title='bbox 2022 1342 2130 1398; x_wconf 88' lang='lat' dir='ltr'><strong>sibi</strong></span> <span class='ocrx_word' id='word_1_391' title='bbox 2166 1355 2285 1397; x_wconf 86' lang='lat' dir='ltr'><strong>esse</strong></span> <span class='ocrx_word' id='word_1_392' title='bbox 2311 1345 2474 1414; x_wconf 88' lang='lat' dir='ltr'><strong>grata</strong></span> <span class='ocrx_word' id='word_1_393' title='bbox 2500 1346 2559 1397; x_wconf 91' lang='lat' dir='ltr'><strong>et</strong></span> <span class='ocrx_word' id='word_1_394' title='bbox 2587 1356 2717 1413; x_wconf 83' lang='lat' dir='ltr'><strong>gra-</strong></span> 
     </span>
     <span class='ocr_line' id='line_1_69' title="bbox 1550 1411 2713 1495; baseline -0.002 -27"><span class='ocrx_word' id='word_1_395' title='bbox 1550 1418 1715 1471; x_wconf 86' lang='lat' dir='ltr'><strong>tiosa.</strong></span> <span class='ocrx_word' id='word_1_396' title='bbox 1753 1411 1992 1495; x_wconf 83' lang='lat' dir='ltr'><strong>Sarepta</strong></span> <span class='ocrx_word' id='word_1_397' title='bbox 2037 1414 2174 1469; x_wconf 88' lang='lat' dir='ltr'><strong>urbs</strong></span> <span class='ocrx_word' id='word_1_398' title='bbox 2219 1413 2466 1470; x_wconf 87' lang='lat' dir='ltr'><strong>Sidoniae</strong></span> <span class='ocrx_word' id='word_1_399' title='bbox 2505 1416 2610 1478; x_wconf 81' lang='lat' dir='ltr'><strong>est,</strong></span> <span class='ocrx_word' id='word_1_400' title='bbox 2656 1412 2713 1466; x_wconf 91' lang='lat' dir='ltr'><strong>in</strong></span> 
     </span>
     <span class='ocr_line' id='line_1_70' title="bbox 1552 1483 2714 1554; baseline -0.003 -13"><span class='ocrx_word' id='word_1_401' title='bbox 1552 1485 1744 1541; x_wconf 89' lang='lat' dir='ltr'><strong>littore</strong></span> <span class='ocrx_word' id='word_1_402' title='bbox 1774 1499 1949 1540; x_wconf 78' lang='lat' dir='ltr'><strong>maris</strong></span> <span class='ocrx_word' id='word_1_403' title='bbox 1976 1483 2104 1554; x_wconf 89' lang='lat' dir='ltr'><strong>sita,</strong></span> <span class='ocrx_word' id='word_1_404' title='bbox 2136 1490 2267 1541; x_wconf 90' lang='lat' dir='ltr'><strong>ante</strong></span> <span class='ocrx_word' id='word_1_405' title='bbox 2307 1485 2466 1554; x_wconf 88' lang='lat' dir='ltr'><strong>cujus</strong></span> <span class='ocrx_word' id='word_1_406' title='bbox 2495 1487 2714 1554; x_wconf 88' lang='lat' dir='ltr'><strong>portam</strong></span> 
     </span>
     <span class='ocr_line' id='line_1_71' title="bbox 1553 1553 2721 1612; baseline -0.003 0"><span class='ocrx_word' id='word_1_407' title='bbox 1553 1555 1871 1612; x_wconf 87' lang='lat' dir='ltr'><strong>ostenditur</strong></span> <span class='ocrx_word' id='word_1_408' title='bbox 1914 1556 2070 1611; x_wconf 91' lang='lat' dir='ltr'><strong>locus</strong></span> <span class='ocrx_word' id='word_1_409' title='bbox 2117 1555 2216 1612; x_wconf 89' lang='lat' dir='ltr'><strong>ubi</strong></span> <span class='ocrx_word' id='word_1_410' title='bbox 2262 1555 2410 1612; x_wconf 86' lang='lat' dir='ltr'><strong>Elias</strong></span> <span class='ocrx_word' id='word_1_411' title='bbox 2452 1555 2605 1610; x_wconf 88' lang='lat' dir='ltr'><strong>venit</strong></span> <span class='ocrx_word' id='word_1_412' title='bbox 2646 1553 2721 1610; x_wconf 90' lang='lat' dir='ltr'><strong>ad</strong></span> 
     </span>
     <span class='ocr_line' id='line_1_72' title="bbox 1552 1624 2717 1697; baseline -0.003 -15"><span class='ocrx_word' id='word_1_413' title='bbox 1552 1627 1781 1683; x_wconf 88' lang='lat' dir='ltr'><strong>viduam</strong></span> <span class='ocrx_word' id='word_1_414' title='bbox 1834 1627 2087 1697; x_wconf 87' lang='lat' dir='ltr'><strong>ejusdem</strong></span> <span class='ocrx_word' id='word_1_415' title='bbox 2134 1627 2321 1696; x_wconf 87' lang='lat' dir='ltr'><strong>urbis;</strong></span> <span class='ocrx_word' id='word_1_416' title='bbox 2371 1624 2576 1682; x_wconf 89' lang='lat' dir='ltr'><strong>deinde</strong></span> <span class='ocrx_word' id='word_1_417' title='bbox 2633 1632 2717 1679; x_wconf 89' lang='lat' dir='ltr'><strong>est</strong></span> 
     </span>
     <span class='ocr_line' id='line_1_73' title="bbox 1552 1697 2718 1770; baseline -0.003 -17"><span class='ocrx_word' id='word_1_418' title='bbox 1552 1700 1819 1770; x_wconf 83' lang='lat' dir='ltr'><strong>quaedam</strong></span> <span class='ocrx_word' id='word_1_419' title='bbox 1845 1698 2081 1767; x_wconf 85' lang='lat' dir='ltr'><strong>capella,</strong></span> <span class='ocrx_word' id='word_1_420' title='bbox 2102 1699 2196 1754; x_wconf 89' lang='lat' dir='ltr'><strong>ubi</strong></span> <span class='ocrx_word' id='word_1_421' title='bbox 2215 1704 2336 1753; x_wconf 86' lang='lat' dir='ltr'><strong>erat</strong></span> <span class='ocrx_word' id='word_1_422' title='bbox 2368 1697 2718 1753; x_wconf 87' lang='lat' dir='ltr'><strong>coeuaculum</strong></span> 
     </span>
     <span class='ocr_line' id='line_1_74' title="bbox 1553 1768 2721 1840; baseline -0.002 -15"><span class='ocrx_word' id='word_1_423' title='bbox 1553 1769 1614 1825; x_wconf 91' lang='lat' dir='ltr'><strong>in</strong></span> <span class='ocrx_word' id='word_1_424' title='bbox 1646 1785 1759 1840; x_wconf 92' lang='lat' dir='ltr'><strong>quo</strong></span> <span class='ocrx_word' id='word_1_425' title='bbox 1798 1769 2032 1840; x_wconf 85' lang='lat' dir='ltr'><strong>quievit,</strong></span> <span class='ocrx_word' id='word_1_426' title='bbox 2074 1775 2132 1824; x_wconf 91' lang='lat' dir='ltr'><strong>et</strong></span> <span class='ocrx_word' id='word_1_427' title='bbox 2172 1769 2270 1825; x_wconf 89' lang='lat' dir='ltr'><strong>ubi</strong></span> <span class='ocrx_word' id='word_1_428' title='bbox 2314 1768 2493 1824; x_wconf 85' lang='lat' dir='ltr'><strong>filium</strong></span> <span class='ocrx_word' id='word_1_429' title='bbox 2538 1768 2721 1823; x_wconf 84' lang='lat' dir='ltr'><strong>viduae</strong></span> 
     </span>
     <span class='ocr_line' id='line_1_75' title="bbox 1550 1837 2719 1906; baseline -0.003 -9"><span class='ocrx_word' id='word_1_430' title='bbox 1550 1842 1861 1897; x_wconf 87' lang='lat' dir='ltr'><strong>suscitavit.</strong></span> <span class='ocrx_word' id='word_1_431' title='bbox 1893 1840 2079 1906; x_wconf 88' lang='lat' dir='ltr'><strong>Quare</strong></span> <span class='ocrx_word' id='word_1_432' title='bbox 2097 1845 2287 1895; x_wconf 88' lang='lat' dir='ltr'><strong>autem</strong></span> <span class='ocrx_word' id='word_1_433' title='bbox 2308 1841 2565 1895; x_wconf 89' lang='lat' dir='ltr'><strong>oratione</strong></span> <span class='ocrx_word' id='word_1_434' title='bbox 2585 1837 2719 1893; x_wconf 85' lang='lat' dir='ltr'><strong>Eliae</strong></span> 
     </span>
     <span class='ocr_line' id='line_1_76' title="bbox 1552 1912 2715 1979; baseline -0.003 -12"><span class='ocrx_word' id='word_1_435' title='bbox 1552 1912 1801 1968; x_wconf 80' lang='lat' dir='ltr'><strong>clausum</strong></span> <span class='ocrx_word' id='word_1_436' title='bbox 1847 1916 1928 1967; x_wconf 82' lang='lat' dir='ltr'><strong>est</strong></span> <span class='ocrx_word' id='word_1_437' title='bbox 1967 1912 2177 1979; x_wconf 84' lang='lat' dir='ltr'><strong>coelum,</strong></span> <span class='ocrx_word' id='word_1_438' title='bbox 2223 1915 2276 1966; x_wconf 89' lang='lat' dir='ltr'><strong>et</strong></span> <span class='ocrx_word' id='word_1_439' title='bbox 2322 1912 2478 1978; x_wconf 77' lang='lat' dir='ltr'><strong>facta</strong></span> <span class='ocrx_word' id='word_1_440' title='bbox 2520 1913 2715 1977; x_wconf 72' lang='lat' dir='ltr'><strong>fameS,</strong></span> 
     </span>
     <span class='ocr_line' id='line_1_77' title="bbox 1553 1980 2715 2048; baseline -0.005 -9"><span class='ocrx_word' id='word_1_441' title='bbox 1553 1984 1801 2040; x_wconf 88' lang='lat' dir='ltr'><strong>ostendit</strong></span> <span class='ocrx_word' id='word_1_442' title='bbox 1835 1984 2100 2048; x_wconf 83' lang='lat' dir='ltr'><strong>Basilius,</strong></span> <span class='ocrx_word' id='word_1_443' title='bbox 2134 1980 2325 2039; x_wconf 88' lang='lat' dir='ltr'><strong>dicens</strong></span> <span class='ocrx_word' id='word_1_444' title='bbox 2357 2003 2371 2038; x_wconf 74' lang='grc' dir='ltr'><strong>ε</strong></span> <span class='ocrx_word' id='word_1_445' title='bbox 2405 2000 2435 2035; x_wconf 91' lang='lat'>«</span> <span class='ocrx_word' id='word_1_446' title='bbox 2470 1983 2541 2038; x_wconf 89' lang='lat' dir='ltr'><strong>Ut</strong></span> <span class='ocrx_word' id='word_1_447' title='bbox 2566 1981 2715 2036; x_wconf 88' lang='lat' dir='ltr'><strong>enim</strong></span> 
     </span>
     <span class='ocr_line' id='line_1_78' title="bbox 1550 2052 2714 2125; baseline -0.003 -15"><span class='ocrx_word' id='word_1_448' title='bbox 1550 2056 1767 2125; x_wconf 85' lang='lat' dir='ltr'><strong>aspexit</strong></span> <span class='ocrx_word' id='word_1_449' title='bbox 1815 2070 1882 2109; x_wconf 85' lang='lat' dir='ltr'><strong>ex</strong></span> <span class='ocrx_word' id='word_1_450' title='bbox 1927 2055 2222 2110; x_wconf 86' lang='lat' dir='ltr'><strong>saturitate</strong></span> <span class='ocrx_word' id='word_1_451' title='bbox 2268 2068 2385 2108; x_wconf 94' lang='lat' dir='ltr'><strong>non</strong></span> <span class='ocrx_word' id='word_1_452' title='bbox 2429 2052 2714 2108; x_wconf 87' lang='lat' dir='ltr'><strong>modicum</strong></span> 
     </span>
     <span class='ocr_line' id='line_1_79' title="bbox 1550 2124 2715 2197; baseline -0.003 -15"><span class='ocrx_word' id='word_1_453' title='bbox 1550 2126 1814 2197; x_wconf 87' lang='lat' dir='ltr'><strong>generari</strong></span> <span class='ocrx_word' id='word_1_454' title='bbox 1841 2124 1942 2180; x_wconf 90' lang='lat' dir='ltr'><strong>Dei</strong></span> <span class='ocrx_word' id='word_1_455' title='bbox 1972 2125 2363 2195; x_wconf 87' lang='lat' dir='ltr'><strong>opprobrium,</strong></span> <span class='ocrx_word' id='word_1_456' title='bbox 2391 2139 2488 2194; x_wconf 92' lang='lat' dir='ltr'><strong>per</strong></span> <span class='ocrx_word' id='word_1_457' title='bbox 2507 2124 2715 2178; x_wconf 82' lang='lat' dir='ltr'><strong>famem</strong></span> 
     </span>
     <span class='ocr_line' id='line_1_80' title="bbox 1550 2195 2714 2268; baseline -0.004 -16"><span class='ocrx_word' id='word_1_458' title='bbox 1550 2197 1663 2252; x_wconf 91' lang='lat' dir='ltr'><strong>illis</strong></span> <span class='ocrx_word' id='word_1_459' title='bbox 1711 2197 1995 2268; x_wconf 76' lang='lat' dir='ltr'><strong>Jejunium</strong></span> <span class='ocrx_word' id='word_1_460' title='bbox 2044 2195 2263 2265; x_wconf 84' lang='lat' dir='ltr'><strong>attulit,</strong></span> <span class='ocrx_word' id='word_1_461' title='bbox 2319 2211 2432 2266; x_wconf 88' lang='lat' dir='ltr'><strong>quo</strong></span> <span class='ocrx_word' id='word_1_462' title='bbox 2491 2195 2714 2263; x_wconf 86' lang='lat' dir='ltr'><strong>culpam</strong></span> 
     </span>
     <span class='ocr_line' id='line_1_81' title="bbox 1548 2265 2707 2339; baseline -0.005 -15"><span class='ocrx_word' id='word_1_463' title='bbox 1548 2268 1799 2337; x_wconf 89' lang='lat' dir='ltr'><strong>illorum,</strong></span> <span class='ocrx_word' id='word_1_464' title='bbox 1817 2283 1943 2339; x_wconf 85' lang='lat' dir='ltr'><strong>quae</strong></span> <span class='ocrx_word' id='word_1_465' title='bbox 1963 2269 2023 2324; x_wconf 92' lang='lat' dir='ltr'><strong>in</strong></span> <span class='ocrx_word' id='word_1_466' title='bbox 2044 2265 2383 2323; x_wconf 89' lang='lat' dir='ltr'><strong>immensum</strong></span> <span class='ocrx_word' id='word_1_467' title='bbox 2403 2266 2707 2332; x_wconf 86' lang='lat' dir='ltr'><strong>crescebat,</strong></span> 
     </span>
     <span class='ocr_line' id='line_1_82' title="bbox 1549 2338 2714 2409; baseline -0.004 -14"><span class='ocrx_word' id='word_1_468' title='bbox 1549 2338 1821 2395; x_wconf 82' lang='lat' dir='ltr'><strong>cohibuit.</strong></span> <span class='ocrx_word' id='word_1_469' title='bbox 1848 2359 1878 2390; x_wconf 85' lang='lat'>»</span> <span class='ocrx_word' id='word_1_470' title='bbox 1911 2341 2032 2395; x_wconf 88' lang='lat' dir='ltr'><strong>Non</strong></span> <span class='ocrx_word' id='word_1_471' title='bbox 2067 2355 2204 2409; x_wconf 81' lang='lat' dir='ltr'><strong>ergo</strong></span> <span class='ocrx_word' id='word_1_472' title='bbox 2249 2354 2400 2395; x_wconf 90' lang='lat' dir='ltr'><strong>nunc</strong></span> <span class='ocrx_word' id='word_1_473' title='bbox 2432 2338 2714 2392; x_wconf 86' lang='lat' dir='ltr'><strong>mirentur</strong></span> 
     </span>
     <span class='ocr_line' id='line_1_83' title="bbox 1548 2406 2713 2487; baseline -0.004 -21"><span class='ocrx_word' id='word_1_474' title='bbox 1548 2409 1828 2482; x_wconf 88' lang='lat' dir='ltr'><strong>homines,</strong></span> <span class='ocrx_word' id='word_1_475' title='bbox 1856 2410 1903 2466; x_wconf 90' lang='lat' dir='ltr'><strong>si</strong></span> <span class='ocrx_word' id='word_1_476' title='bbox 1933 2416 2165 2481; x_wconf 88' lang='lat' dir='ltr'><strong>propter</strong></span> <span class='ocrx_word' id='word_1_477' title='bbox 2200 2425 2398 2466; x_wconf 88' lang='lat' dir='ltr'><strong>eorum</strong></span> <span class='ocrx_word' id='word_1_478' title='bbox 2425 2406 2713 2487; x_wconf 80' lang='lat' dir='ltr'><strong>lasciviam</strong></span> 
     </span>
     <span class='ocr_line' id='line_1_84' title="bbox 1548 2479 2711 2540; baseline -0.003 -2"><span class='ocrx_word' id='word_1_479' title='bbox 1548 2481 1650 2538; x_wconf 88' lang='lat' dir='ltr'><strong>fiat</strong></span> <span class='ocrx_word' id='word_1_480' title='bbox 1694 2482 1889 2540; x_wconf 79' lang='lat' dir='ltr'><strong>fames.</strong></span> <span class='ocrx_word' id='word_1_481' title='bbox 1935 2483 2166 2539; x_wconf 86' lang='lat' dir='ltr'><strong>Elisaeus</strong></span> <span class='ocrx_word' id='word_1_482' title='bbox 2209 2483 2382 2539; x_wconf 86' lang='lat' dir='ltr'><strong>etiam</strong></span> <span class='ocrx_word' id='word_1_483' title='bbox 2425 2496 2461 2537; x_wconf 89' lang='lat' dir='ltr'><strong>a</strong></span> <span class='ocrx_word' id='word_1_484' title='bbox 2496 2479 2711 2539; x_wconf 83' lang='lat' dir='ltr'><strong>Judaeis</strong></span> 
     </span>
     <span class='ocr_line' id='line_1_85' title="bbox 1550 2553 2706 2624; baseline -0.003 -14"><span class='ocrx_word' id='word_1_485' title='bbox 1550 2553 1766 2611; x_wconf 89' lang='lat' dir='ltr'><strong>derisus</strong></span> <span class='ocrx_word' id='word_1_486' title='bbox 1814 2560 1871 2610; x_wconf 87' lang='lat' dir='ltr'><strong>et</strong></span> <span class='ocrx_word' id='word_1_487' title='bbox 1919 2560 2305 2624; x_wconf 75' lang='lat' dir='ltr'><strong>contemptuS,</strong></span> <span class='ocrx_word' id='word_1_488' title='bbox 2348 2569 2384 2609; x_wconf 90' lang='lat' dir='ltr'><strong>a</strong></span> <span class='ocrx_word' id='word_1_489' title='bbox 2454 2554 2706 2608; x_wconf 82' lang='lat' dir='ltr'><strong>Naaman</strong></span> 
     </span>
     <span class='ocr_line' id='line_1_86' title="bbox 1550 2625 2704 2698; baseline -0.004 -17"><span class='ocrx_word' id='word_1_490' title='bbox 1550 2627 1689 2697; x_wconf 85' lang='lat' dir='ltr'><strong>Syro</strong></span> <span class='ocrx_word' id='word_1_491' title='bbox 1733 2625 1934 2681; x_wconf 88' lang='lat' dir='ltr'><strong>devote</strong></span> <span class='ocrx_word' id='word_1_492' title='bbox 1983 2631 2068 2680; x_wconf 90' lang='lat' dir='ltr'><strong>est</strong></span> <span class='ocrx_word' id='word_1_493' title='bbox 2111 2626 2400 2698; x_wconf 66' lang='lat' dir='ltr'><strong>quaesitus,</strong></span> <span class='ocrx_word' id='word_1_494' title='bbox 2450 2638 2621 2693; x_wconf 86' lang='lat' dir='ltr'><strong>quem</strong></span> <span class='ocrx_word' id='word_1_495' title='bbox 2670 2638 2704 2677; x_wconf 91' lang='lat' dir='ltr'><strong>a</strong></span> 
     </span>
     <span class='ocr_line' id='line_1_87' title="bbox 1547 2695 2709 2767; baseline -0.004 -15"><span class='ocrx_word' id='word_1_496' title='bbox 1547 2697 1705 2767; x_wconf 86' lang='lat' dir='ltr'><strong>lepra</strong></span> <span class='ocrx_word' id='word_1_497' title='bbox 1742 2711 1846 2752; x_wconf 89' lang='lat' dir='ltr'><strong>sua</strong></span> <span class='ocrx_word' id='word_1_498' title='bbox 1883 2695 2144 2752; x_wconf 87' lang='lat' dir='ltr'><strong>curavit:</strong></span> <span class='ocrx_word' id='word_1_499' title='bbox 2176 2697 2309 2767; x_wconf 91' lang='lat' dir='ltr'><strong>quia</strong></span> <span class='ocrx_word' id='word_1_500' title='bbox 2351 2695 2709 2750; x_wconf 85' lang='lat' dir='ltr'><strong>devotionem</strong></span> 
     </span>
     <span class='ocr_line' id='line_1_88' title="bbox 1548 2765 2708 2840; baseline -0.003 -17"><span class='ocrx_word' id='word_1_501' title='bbox 1548 2769 1669 2838; x_wconf 88' lang='lat' dir='ltr'><strong>ejus</strong></span> <span class='ocrx_word' id='word_1_502' title='bbox 1714 2768 1981 2840; x_wconf 83' lang='lat' dir='ltr'><strong>agnovit,</strong></span> <span class='ocrx_word' id='word_1_503' title='bbox 2030 2765 2127 2838; x_wconf 86' lang='lat' dir='ltr'><strong>qui</strong></span> <span class='ocrx_word' id='word_1_504' title='bbox 2181 2772 2312 2824; x_wconf 86' lang='lat' dir='ltr'><strong>ante</strong></span> <span class='ocrx_word' id='word_1_505' title='bbox 2358 2767 2708 2821; x_wconf 86' lang='lat' dir='ltr'><strong>curationem</strong></span> 
     </span>
     <span class='ocr_line' id='line_1_89' title="bbox 1550 2835 2708 2910; baseline -0.005 -16"><span class='ocrx_word' id='word_1_506' title='bbox 1550 2839 1731 2894; x_wconf 90' lang='lat' dir='ltr'><strong>bonus</strong></span> <span class='ocrx_word' id='word_1_507' title='bbox 1761 2839 1891 2906; x_wconf 80' lang='lat' dir='ltr'><strong>t&#39;uit3</strong></span> <span class='ocrx_word' id='word_1_508' title='bbox 1924 2839 2057 2910; x_wconf 88' lang='lat' dir='ltr'><strong>quia</strong></span> <span class='ocrx_word' id='word_1_509' title='bbox 2081 2854 2181 2909; x_wconf 90' lang='lat' dir='ltr'><strong>per</strong></span> <span class='ocrx_word' id='word_1_510' title='bbox 2205 2839 2364 2893; x_wconf 87' lang='lat' dir='ltr'><strong>illum</strong></span> <span class='ocrx_word' id='word_1_511' title='bbox 2390 2839 2536 2892; x_wconf 88' lang='lat' dir='ltr'><strong>Deus</strong></span> <span class='ocrx_word' id='word_1_512' title='bbox 2564 2835 2708 2890; x_wconf 88' lang='lat' dir='ltr'><strong>salu-</strong></span> 
     </span>
     <span class='ocr_line' id='line_1_90' title="bbox 1545 2907 2711 2981; baseline -0.005 -16"><span class='ocrx_word' id='word_1_513' title='bbox 1545 2914 1664 2965; x_wconf 90' lang='lat' dir='ltr'><strong>tem</strong></span> <span class='ocrx_word' id='word_1_514' title='bbox 1708 2910 1882 2981; x_wconf 83' lang='lat' dir='ltr'><strong>Syriae</strong></span> <span class='ocrx_word' id='word_1_515' title='bbox 1912 2910 2086 2977; x_wconf 89' lang='lat' dir='ltr'><strong>dedit,</strong></span> <span class='ocrx_word' id='word_1_516' title='bbox 2112 2916 2170 2964; x_wconf 89' lang='lat' dir='ltr'><strong>et</strong></span> <span class='ocrx_word' id='word_1_517' title='bbox 2210 2914 2333 2978; x_wconf 91' lang='lat' dir='ltr'><strong>post</strong></span> <span class='ocrx_word' id='word_1_518' title='bbox 2361 2907 2711 2962; x_wconf 89' lang='lat' dir='ltr'><strong>curationem</strong></span> 
     </span>
     <span class='ocr_line' id='line_1_91' title="bbox 1548 2978 2717 3050; baseline -0.007 -14"><span class='ocrx_word' id='word_1_519' title='bbox 1548 2980 1733 3036; x_wconf 89' lang='lat' dir='ltr'><strong>adhuc</strong></span> <span class='ocrx_word' id='word_1_520' title='bbox 1771 2980 1973 3035; x_wconf 89' lang='lat' dir='ltr'><strong>melior</strong></span> <span class='ocrx_word' id='word_1_521' title='bbox 1999 2996 2066 3035; x_wconf 88' lang='lat' dir='ltr'><strong>ac</strong></span> <span class='ocrx_word' id='word_1_522' title='bbox 2096 2979 2257 3034; x_wconf 89' lang='lat' dir='ltr'><strong>valde</strong></span> <span class='ocrx_word' id='word_1_523' title='bbox 2287 2985 2480 3050; x_wconf 86' lang='lat' dir='ltr'><strong>gratus</strong></span> <span class='ocrx_word' id='word_1_524' title='bbox 2513 2978 2625 3030; x_wconf 90' lang='lat' dir='ltr'><strong>Deo</strong></span> <span class='ocrx_word' id='word_1_525' title='bbox 2661 2980 2717 3029; x_wconf 91' lang='lat' dir='ltr'><strong>et</strong></span> 
     </span>
     <span class='ocr_line' id='line_1_92' title="bbox 1550 3048 2714 3120; baseline -0.005 -15"><span class='ocrx_word' id='word_1_526' title='bbox 1550 3053 1750 3107; x_wconf 86' lang='lat' dir='ltr'><strong>Elisaeo</strong></span> <span class='ocrx_word' id='word_1_527' title='bbox 1777 3050 1901 3106; x_wconf 81' lang='lat' dir='ltr'><strong>fuit.</strong></span> <span class='ocrx_word' id='word_1_528' title='bbox 1929 3051 2159 3106; x_wconf 90' lang='lat' dir='ltr'><strong>Curavit</strong></span> <span class='ocrx_word' id='word_1_529' title='bbox 2195 3065 2331 3120; x_wconf 85' lang='lat' dir='ltr'><strong>ergo</strong></span> <span class='ocrx_word' id='word_1_530' title='bbox 2368 3048 2617 3103; x_wconf 90' lang='lat' dir='ltr'><strong>alienum</strong></span> <span class='ocrx_word' id='word_1_531' title='bbox 2659 3049 2714 3100; x_wconf 89' lang='lat' dir='ltr'><strong>et</strong></span> 
     </span>
     <span class='ocr_line' id='line_1_93' title="bbox 1549 3122 2716 3196; baseline -0.008 -17"><span class='ocrx_word' id='word_1_532' title='bbox 1549 3123 1860 3191; x_wconf 80' lang='lat' dir='ltr'><strong>Gentilem3</strong></span> <span class='ocrx_word' id='word_1_533' title='bbox 1888 3122 1987 3177; x_wconf 87' lang='lat' dir='ltr'><strong>sed</strong></span> <span class='ocrx_word' id='word_1_534' title='bbox 2013 3137 2126 3176; x_wconf 93' lang='lat' dir='ltr'><strong>non</strong></span> <span class='ocrx_word' id='word_1_535' title='bbox 2144 3122 2400 3177; x_wconf 85' lang='lat' dir='ltr'><strong>concives</strong></span> <span class='ocrx_word' id='word_1_536' title='bbox 2417 3124 2474 3174; x_wconf 87' lang='lat' dir='ltr'><strong>et</strong></span> <span class='ocrx_word' id='word_1_537' title='bbox 2493 3131 2716 3196; x_wconf 75' lang='lat' dir='ltr'><strong>consor-</strong></span> 
     </span>
     <span class='ocr_line' id='line_1_94' title="bbox 1548 3191 2721 3264; baseline -0.007 -15"><span class='ocrx_word' id='word_1_538' title='bbox 1548 3199 1656 3263; x_wconf 89' lang='lat' dir='ltr'><strong>tes,</strong></span> <span class='ocrx_word' id='word_1_539' title='bbox 1681 3200 1908 3264; x_wconf 88' lang='lat' dir='ltr'><strong>propter</strong></span> <span class='ocrx_word' id='word_1_540' title='bbox 1920 3207 2119 3249; x_wconf 90' lang='lat' dir='ltr'><strong>eorum</strong></span> <span class='ocrx_word' id='word_1_541' title='bbox 2138 3208 2273 3264; x_wconf 87' lang='lat' dir='ltr'><strong>erga</strong></span> <span class='ocrx_word' id='word_1_542' title='bbox 2294 3193 2472 3247; x_wconf 92' lang='lat' dir='ltr'><strong>Deum</strong></span> <span class='ocrx_word' id='word_1_543' title='bbox 2490 3191 2721 3260; x_wconf 83' lang='lat' dir='ltr'><strong>ingrati—</strong></span> 
     </span>
     <span class='ocr_line' id='line_1_95' title="bbox 1548 3261 2716 3346; baseline -0.004 -25"><span class='ocrx_word' id='word_1_544' title='bbox 1548 3264 1826 3334; x_wconf 91' lang='lat' dir='ltr'><strong>tudinem,</strong></span> <span class='ocrx_word' id='word_1_545' title='bbox 1853 3265 1989 3336; x_wconf 88' lang='lat' dir='ltr'><strong>quia</strong></span> <span class='ocrx_word' id='word_1_546' title='bbox 2015 3280 2254 3346; x_wconf 82' lang='lat' dir='ltr'><strong>regnum</strong></span> <span class='ocrx_word' id='word_1_547' title='bbox 2278 3263 2447 3319; x_wconf 88' lang='lat' dir='ltr'><strong>lsrael</strong></span> <span class='ocrx_word' id='word_1_548' title='bbox 2468 3261 2716 3342; x_wconf 37' lang='lat' dir='ltr'><strong>decii-na-</strong></span> 
     </span>
     <span class='ocr_line' id='line_1_96' title="bbox 1549 3333 2718 3404; baseline -0.004 -13"><span class='ocrx_word' id='word_1_549' title='bbox 1549 3342 1710 3393; x_wconf 88' lang='lat' dir='ltr'><strong>verat</strong></span> <span class='ocrx_word' id='word_1_550' title='bbox 1726 3337 1800 3392; x_wconf 90' lang='lat' dir='ltr'><strong>ad</strong></span> <span class='ocrx_word' id='word_1_551' title='bbox 1825 3337 2222 3404; x_wconf 87' lang='lat' dir='ltr'><strong>idololatriam,</strong></span> <span class='ocrx_word' id='word_1_552' title='bbox 2246 3334 2478 3392; x_wconf 89' lang='lat' dir='ltr'><strong>colendo</strong></span> <span class='ocrx_word' id='word_1_553' title='bbox 2503 3333 2718 3389; x_wconf 83' lang='lat' dir='ltr'><strong>scilicet</strong></span> 
     </span>
     <span class='ocr_line' id='line_1_97' title="bbox 1549 3407 2710 3480; baseline -0.003 -18"><span class='ocrx_word' id='word_1_554' title='bbox 1549 3407 1755 3463; x_wconf 87' lang='lat' dir='ltr'><strong>vituios</strong></span> <span class='ocrx_word' id='word_1_555' title='bbox 1778 3423 1981 3464; x_wconf 91' lang='lat' dir='ltr'><strong>aureos</strong></span> <span class='ocrx_word' id='word_1_556' title='bbox 1997 3424 2137 3480; x_wconf 89' lang='lat' dir='ltr'><strong>quos</strong></span> <span class='ocrx_word' id='word_1_557' title='bbox 2161 3408 2371 3465; x_wconf 79' lang='lat' dir='ltr'><strong>fecerat</strong></span> <span class='ocrx_word' id='word_1_558' title='bbox 2388 3407 2710 3463; x_wconf 83' lang='lat' dir='ltr'><strong>Jeroboam.</strong></span> 
     </span>
     <span class='ocr_line' id='line_1_98' title="bbox 1550 3479 2714 3551; baseline -0.005 -16"><span class='ocrx_word' id='word_1_559' title='bbox 1550 3479 1608 3535; x_wconf 92' lang='lat' dir='ltr'><strong>Si</strong></span> <span class='ocrx_word' id='word_1_560' title='bbox 1629 3495 1765 3551; x_wconf 84' lang='lat' dir='ltr'><strong>ergo</strong></span> <span class='ocrx_word' id='word_1_561' title='bbox 1789 3480 1882 3536; x_wconf 88' lang='lat' dir='ltr'><strong>isti</strong></span> <span class='ocrx_word' id='word_1_562' title='bbox 1907 3479 2263 3536; x_wconf 86' lang='lat' dir='ltr'><strong>famosissimi</strong></span> <span class='ocrx_word' id='word_1_563' title='bbox 2285 3480 2581 3550; x_wconf 64' lang='lat' dir='ltr'><strong>Prophetae</strong></span> <span class='ocrx_word' id='word_1_564' title='bbox 2600 3490 2714 3530; x_wconf 91' lang='lat' dir='ltr'><strong>non</strong></span> 
     </span>
     <span class='ocr_line' id='line_1_99' title="bbox 1546 3549 2713 3626; baseline -0.004 -21"><span class='ocrx_word' id='word_1_565' title='bbox 1546 3549 1776 3606; x_wconf 81' lang='lat' dir='ltr'><strong>fuerunt</strong></span> <span class='ocrx_word' id='word_1_566' title='bbox 1795 3552 2009 3623; x_wconf 88' lang='lat' dir='ltr'><strong>accepti</strong></span> <span class='ocrx_word' id='word_1_567' title='bbox 2031 3552 2418 3623; x_wconf 88' lang='lat' dir='ltr'><strong>compatriotis</strong></span> <span class='ocrx_word' id='word_1_568' title='bbox 2440 3550 2575 3611; x_wconf 83' lang='lat' dir='ltr'><strong>suis,</strong></span> <span class='ocrx_word' id='word_1_569' title='bbox 2601 3561 2713 3626; x_wconf 76' lang='lat' dir='ltr'><strong>non</strong></span> 
     </span>
     <span class='ocr_line' id='line_1_100' title="bbox 1547 3623 2713 3693; baseline -0.007 -17"><span class='ocrx_word' id='word_1_570' title='bbox 1547 3627 1778 3692; x_wconf 88' lang='lat' dir='ltr'><strong>propter</strong></span> <span class='ocrx_word' id='word_1_571' title='bbox 1799 3638 1981 3691; x_wconf 87' lang='lat' dir='ltr'><strong>suam,</strong></span> <span class='ocrx_word' id='word_1_572' title='bbox 2000 3623 2099 3679; x_wconf 91' lang='lat' dir='ltr'><strong>sed</strong></span> <span class='ocrx_word' id='word_1_573' title='bbox 2129 3629 2356 3693; x_wconf 88' lang='lat' dir='ltr'><strong>propter</strong></span> <span class='ocrx_word' id='word_1_574' title='bbox 2376 3623 2713 3689; x_wconf 84' lang='lat' dir='ltr'><strong>compatrio-</strong></span> 
     </span>
     <span class='ocr_line' id='line_1_101' title="bbox 1544 3687 2713 3757; baseline -0.009 -8"><span class='ocrx_word' id='word_1_575' title='bbox 1544 3697 1736 3749; x_wconf 87' lang='lat' dir='ltr'><strong>tarum</strong></span> <span class='ocrx_word' id='word_1_576' title='bbox 1782 3693 2057 3749; x_wconf 88' lang='lat' dir='ltr'><strong>malitiam</strong></span> <span class='ocrx_word' id='word_1_577' title='bbox 2100 3699 2156 3749; x_wconf 92' lang='lat' dir='ltr'><strong>et</strong></span> <span class='ocrx_word' id='word_1_578' title='bbox 2197 3690 2495 3757; x_wconf 89' lang='lat' dir='ltr'><strong>invidiam;</strong></span> <span class='ocrx_word' id='word_1_579' title='bbox 2538 3687 2713 3742; x_wconf 84' lang='lat' dir='ltr'><strong>inuito</strong></span> 
     </span>
     <span class='ocr_line' id='line_1_102' title="bbox 1544 3759 2712 3831; baseline -0.007 -14"><span class='ocrx_word' id='word_1_580' title='bbox 1544 3762 1743 3818; x_wconf 82' lang='lat' dir='ltr'><strong>fortius</strong></span> <span class='ocrx_word' id='word_1_581' title='bbox 1767 3779 1870 3818; x_wconf 89' lang='lat' dir='ltr'><strong>nec</strong></span> <span class='ocrx_word' id='word_1_582' title='bbox 1899 3765 2144 3819; x_wconf 89' lang='lat' dir='ltr'><strong>minores</strong></span> <span class='ocrx_word' id='word_1_583' title='bbox 2170 3763 2464 3831; x_wconf 73' lang='lat' dir='ltr'><strong>Prophetae</strong></span> <span class='ocrx_word' id='word_1_584' title='bbox 2483 3759 2712 3813; x_wconf 80' lang='lat' dir='ltr'><strong>fuerunt</strong></span> 
     </span>
     <span class='ocr_line' id='line_1_103' title="bbox 1544 3830 2706 3903; baseline -0.008 -14"><span class='ocrx_word' id='word_1_585' title='bbox 1544 3831 1761 3901; x_wconf 86' lang='lat' dir='ltr'><strong>accepti</strong></span> <span class='ocrx_word' id='word_1_586' title='bbox 1803 3832 1864 3888; x_wconf 91' lang='lat' dir='ltr'><strong>in</strong></span> <span class='ocrx_word' id='word_1_587' title='bbox 1905 3834 2087 3903; x_wconf 87' lang='lat' dir='ltr'><strong>patria</strong></span> <span class='ocrx_word' id='word_1_588' title='bbox 2123 3848 2243 3890; x_wconf 89' lang='lat' dir='ltr'><strong>sua.</strong></span> <span class='ocrx_word' id='word_1_589' title='bbox 2285 3834 2363 3886; x_wconf 86' lang='lat' dir='ltr'><strong>Ex</strong></span> <span class='ocrx_word' id='word_1_590' title='bbox 2404 3845 2515 3901; x_wconf 89' lang='lat' dir='ltr'><strong>quo</strong></span> <span class='ocrx_word' id='word_1_591' title='bbox 2556 3830 2706 3897; x_wconf 89' lang='lat' dir='ltr'><strong>patet</strong></span> 
     </span>
     <span class='ocr_line' id='line_1_104' title="bbox 1543 3902 2711 3973; baseline -0.006 -14"><span class='ocrx_word' id='word_1_592' title='bbox 1543 3917 1740 3959; x_wconf 86' lang='lat' dir='ltr'><strong>verum</strong></span> <span class='ocrx_word' id='word_1_593' title='bbox 1771 3918 1890 3958; x_wconf 89' lang='lat' dir='ltr'><strong>esse</strong></span> <span class='ocrx_word' id='word_1_594' title='bbox 1915 3905 2064 3973; x_wconf 87' lang='lat' dir='ltr'><strong>quod</strong></span> <span class='ocrx_word' id='word_1_595' title='bbox 2095 3903 2310 3958; x_wconf 83' lang='lat' dir='ltr'><strong>dixerat</strong></span> <span class='ocrx_word' id='word_1_596' title='bbox 2341 3923 2354 3958; x_wconf 90' lang='lat'><strong>:</strong></span> <span class='ocrx_word' id='word_1_597' title='bbox 2387 3902 2530 3968; x_wconf 83' lang='lat' dir='ltr'><strong>Quia</strong></span> <span class='ocrx_word' id='word_1_598' title='bbox 2557 3912 2711 3953; x_wconf 85' lang='lat' dir='ltr'><strong>nemo</strong></span> 
     </span>
     <span class='ocr_line' id='line_1_105' title="bbox 1545 3972 2640 4045; baseline -0.006 -14"><span class='ocrx_word' id='word_1_599' title='bbox 1545 3973 1820 4045; x_wconf 76' lang='lat' dir='ltr'><strong>Propheta</strong></span> <span class='ocrx_word' id='word_1_600' title='bbox 1842 3979 2094 4043; x_wconf 82' lang='lat' dir='ltr'><strong>acceptus</strong></span> <span class='ocrx_word' id='word_1_601' title='bbox 2117 3977 2199 4028; x_wconf 87' lang='lat' dir='ltr'><strong>est</strong></span> <span class='ocrx_word' id='word_1_602' title='bbox 2226 3975 2286 4026; x_wconf 83' lang='lat' dir='ltr'><strong>in</strong></span> <span class='ocrx_word' id='word_1_603' title='bbox 2302 3972 2495 4042; x_wconf 81' lang='lat' dir='ltr'><strong>patria</strong></span> <span class='ocrx_word' id='word_1_604' title='bbox 2514 3985 2640 4024; x_wconf 84' lang='lat' dir='ltr'><strong>sua.</strong></span> 
     </span>
    </p>

    <p class='ocr_par' dir='ltr' id='par_1_6' title="bbox 1542 4044 2710 4402">
     <span class='ocr_line' id='line_1_106' title="bbox 1616 4044 2709 4118; baseline -0.006 -16"><span class='ocrx_word' id='word_1_605' title='bbox 1616 4068 1649 4118; x_wconf 86' lang='lat'>9</span> <span class='ocrx_word' id='word_1_606' title='bbox 1683 4047 1895 4101; x_wconf 77' lang='lat' dir='ltr'><strong>Mumsa</strong></span> <span class='ocrx_word' id='word_1_607' title='bbox 1933 4045 2252 4100; x_wconf 62' lang='lat' dir='ltr'><strong>Sanam-ma</strong></span> <span class='ocrx_word' id='word_1_608' title='bbox 2284 4059 2348 4098; x_wconf 77' lang='lat' dir='ltr'><strong>m·</strong></span> <span class='ocrx_word' id='word_1_609' title='bbox 2386 4044 2614 4098; x_wconf 61' lang='lat' dir='ltr'><strong>Nimiam</strong></span> <span class='ocrx_word' id='word_1_610' title='bbox 2654 4055 2709 4095; x_wconf 72' lang='lat' dir='ltr'><strong>nv</strong></span> 
     </span>
     <span class='ocr_line' id='line_1_107' title="bbox 1545 4115 2705 4178; baseline -0.006 -5"><span class='ocrx_word' id='word_1_611' title='bbox 1545 4132 1713 4173; x_wconf 77' lang='lat' dir='ltr'><strong>ssivsn</strong></span> <span class='ocrx_word' id='word_1_612' title='bbox 1770 4131 1988 4171; x_wconf 65' lang='lat' dir='ltr'><strong>noma.</strong></span> <span class='ocrx_word' id='word_1_613' title='bbox 2054 4144 2117 4156; x_wconf 91' lang='lat'><strong>-—</strong></span> <span class='ocrx_word' id='word_1_614' title='bbox 2169 4115 2454 4170; x_wconf 72' lang='lat' dir='ltr'><strong>moraliter</strong></span> <span class='ocrx_word' id='word_1_615' title='bbox 2494 4119 2705 4178; x_wconf 88' lang='lat' dir='ltr'><strong>autem,</strong></span> 
     </span>
     <span class='ocr_line' id='line_1_108' title="bbox 1542 4181 2707 4259; baseline -0.005 -16"><span class='ocrx_word' id='word_1_616' title='bbox 1542 4188 1734 4251; x_wconf 89' lang='lat' dir='ltr'><strong>vidua,</strong></span> <span class='ocrx_word' id='word_1_617' title='bbox 1766 4188 1837 4243; x_wconf 90' lang='lat' dir='ltr'><strong>de</strong></span> <span class='ocrx_word' id='word_1_618' title='bbox 1879 4201 1993 4259; x_wconf 85' lang='lat' dir='ltr'><strong>qua</strong></span> <span class='ocrx_word' id='word_1_619' title='bbox 2035 4185 2247 4242; x_wconf 90' lang='lat' dir='ltr'><strong>dictum</strong></span> <span class='ocrx_word' id='word_1_620' title='bbox 2289 4191 2394 4253; x_wconf 83' lang='lat' dir='ltr'><strong>est,</strong></span> <span class='ocrx_word' id='word_1_621' title='bbox 2427 4181 2707 4256; x_wconf 84' lang='lat' dir='ltr'><strong>significat</strong></span> 
     </span>
     <span class='ocr_line' id='line_1_109' title="bbox 1545 4257 2707 4338; baseline -0.005 -23"><span class='ocrx_word' id='word_1_622' title='bbox 1545 4260 1798 4315; x_wconf 89' lang='lat' dir='ltr'><strong>animam</strong></span> <span class='ocrx_word' id='word_1_623' title='bbox 1821 4258 2213 4330; x_wconf 81' lang='lat' dir='ltr'><strong>peccatricem,</strong></span> <span class='ocrx_word' id='word_1_624' title='bbox 2236 4272 2365 4329; x_wconf 86' lang='lat' dir='ltr'><strong>quae</strong></span> <span class='ocrx_word' id='word_1_625' title='bbox 2386 4257 2603 4338; x_wconf 89' lang='lat' dir='ltr'><strong>privata</strong></span> <span class='ocrx_word' id='word_1_626' title='bbox 2624 4258 2707 4310; x_wconf 86' lang='lat' dir='ltr'><strong>est</strong></span> 
     </span>
     <span class='ocr_line' id='line_1_110' title="bbox 1542 4325 2710 4402; baseline -0.007 -13"><span class='ocrx_word' id='word_1_627' title='bbox 1542 4330 1896 4402; x_wconf 82' lang='lat' dir='ltr'><strong>amplexibus</strong></span> <span class='ocrx_word' id='word_1_628' title='bbox 1927 4329 2118 4401; x_wconf 84' lang='lat' dir='ltr'><strong>sponsi</strong></span> <span class='ocrx_word' id='word_1_629' title='bbox 2143 4329 2233 4387; x_wconf 85' lang='lat' dir='ltr'><strong>sui</strong></span> <span class='ocrx_word' id='word_1_630' title='bbox 2267 4328 2505 4398; x_wconf 76' lang='lat' dir='ltr'><strong>Christi3</strong></span> <span class='ocrx_word' id='word_1_631' title='bbox 2539 4325 2710 4384; x_wconf 88' lang='lat' dir='ltr'><strong>modo</strong></span> 
     </span>
    </p>
   </div>
  </div>
 </body>
</html>
