3146 5023
380 383 475 436 276

382 489 554 551 lilaea,
581 500 708 557 quae
737 483 1145 554 interpretatur
1173 482 1548 561 transmiqra-

381 563 461 617 tio
516 561 695 628 tacta,
748 556 800 610 id
854 558 939 608 est
993 552 1051 606 in
1096 551 1367 606 membris
1407 550 1543 618 suis,

380 646 511 703 quae
546 625 955 695 transmigrant
986 622 1057 677 de
1087 621 1235 676 vitiis
1263 620 1334 676 ad
1373 620 1549 677 virtu-

379 707 481 770 ωε,
517 708 573 757 et
601 699 661 754 in
698 696 779 753 eis
815 693 1139 766 proficiunt.
1177 692 1546 748 Postmodum

376 788 512 827 vero
538 769 809 826 Dominus
827 763 1103 831 ascendit,
1130 763 1261 834 quia
1288 764 1548 821 membra

376 842 582 899 Christi
614 853 727 894 non
778 836 951 907 hujus
977 833 1131 902 vitae,
1167 835 1268 890 sed
1316 840 1545 890 aeternae

372 911 612 985 gloriam
646 913 949 980 quaerunt;
983 905 1202 963 occulte
1229 910 1419 962 autem
1445 907 1549 962 Do·

371 982 562 1040 minus
622 977 899 1048 ascendit,
940 978 1074 1049 quia
1124 976 1309 1033 omnis
1364 979 1546 1046 qloria

371 1055 490 1126 ejus
520 1054 788 1118 abintus,
821 1050 879 1106 id
911 1053 994 1105 est
1033 1048 1106 1105 de
1158 1048 1330 1104 corde
1383 1063 1544 1118 pur0,

370 1131 429 1182 et
461 1126 533 1182 de
556 1121 905 1181 conscientia
936 1121 1106 1190 bona,
1120 1124 1177 1176 et
1194 1119 1266 1175 de
1292 1119 1406 1174 fide
1433 1135 1548 1175 non

370 1198 538 1253 ficta:
561 1217 591 1248 »
615 1197 738 1252 haec
756 1194 924 1251 Beda.
950 1193 1095 1248 Nota
1119 1189 1252 1262 quia
1271 1191 1545 1246 Dominus

370 1269 662 1335 docturus,
691 1264 970 1322 miracula
1017 1263 1134 1319 imo.
1174 1261 1233 1317 in
1277 1260 1544 1317 omnibus

370 1338 598 1411 magnis
624 1336 889 1409 operibus
915 1334 1183 1406 potentiae
1225 1338 1282 1389 et
1318 1332 1544 1388 virtutis

370 1428 488 1468 suae
517 1409 763 1482 gloriam
794 1406 957 1478 fugit,
999 1407 1195 1462 nolens
1232 1405 1414 1461 socios
1442 1405 1544 1460 ha-

368 1484 524 1548 bere,
544 1482 633 1538 vel
665 1479 896 1536 nuntios
928 1476 1323 1545 praeambulos,
1349 1481 1410 1531 ut
1440 1491 1544 1556 pa-

367 1558 451 1610 tet
478 1554 574 1610 hic
604 1557 662 1609 et
691 1553 747 1607 in
784 1549 1043 1622 pluribus
1072 1547 1221 1605 aliis.
1265 1548 1432 1613 Quasi
1462 1546 1542 1601 di-

368 1630 560 1681 ceret:
591 1625 804 1691 Quanto
833 1621 1014 1690 major
1037 1636 1113 1688 es,
1142 1620 1377 1673 humilia
1407 1623 1458 1672 te
1484 1621 1544 1673 in

368 1696 639 1751 omnibus,
671 1697 738 1749 In
768 1691 1039 1762 operibus
1074 1705 1207 1744 vero
1246 1686 1540 1743 humilita-

364 1764 440 1821 tis
461 1766 692 1821 turbam
732 1759 1002 1819 comitem
1031 1757 1253 1821 habuit,
1303 1759 1541 1814 veniens

363 1836 438 1892 ad
468 1836 801 1891 Passionem
831 1849 845 1899 ;
879 1837 936 1887 et
986 1828 1286 1901 discipulos
1315 1829 1540 1899 praemi-

364 1905 458 1975 sit,
487 1909 550 1961 ut
578 1903 686 1960 sibi
716 1902 935 1959 asinam
961 1906 1019 1957 et
1045 1900 1536 1972 pullumeadduce-

361 1983 510 2035 rent.
560 1974 744 2032 Etiam
786 1978 1141 2030 comesturus
1179 1986 1389 2041 agnum
1437 1986 1536 2042 pa-

360 2049 610 2105 schalem
629 2045 920 2119 praemisit,
940 2044 1035 2128 qui
1053 2048 1440 2114 praepararent
1460 2043 1539 2123 103

363 2136 524 2187 cum;
550 2121 648 2177 sed
678 2120 785 2176 hoc
805 2116 940 2174 fecit
953 2134 1013 2173 1n
1031 2116 1173 2172 tanti
1197 2118 1537 2194 sacramenu

362 2194 715 2263 mysterium,
738 2190 890 2262 quod
910 2206 1026 2246 non
1051 2188 1220 2245 debet
1248 2187 1415 2266 sumi,
1447 2201 1533 2239 ni-

363 2262 411 2317 si
435 2279 564 2318 cum
595 2278 801 2335 magna
824 2259 1240 2332 praeparatione
1266 2261 1535 2312 virtutum

361 2338 417 2387 et
455 2332 737 2387 bonorum
776 2346 1032 2399 operum.

430 2407 463 2456 6
503 2402 867 2467 QnAEnammu
896 2401 1151 2454 Domuum
1180 2410 1435 2452 Ira-anno
1460 2415 1533 2453 n1·

359 2489 549 2529 vanu.
572 2498 639 2510 -—
668 2471 845 2527 Judaei
857 2485 981 2539 erqo
1002 2467 1532 2540 communiterquae-

356 2546 551 2601 rebant
583 2559 703 2600 eum
732 2546 792 2598 in
820 2543 911 2598 die
938 2545 1096 2611 festa,
1130 2545 1437 2613 antequam
1467 2558 1528 2598 a·

358 2617 673 2684 scenderet,
694 2614 962 2687 quoniam
984 2629 1100 2670 non
1120 2612 1380 2669 viderant
1401 2630 1530 2669 cum

355 2688 558 2745 adesse
594 2703 723 2744 curn
761 2685 1075 2747 fratribus:
1130 2690 1181 2740 et
1223 2686 1476 2740 dicebant
1510 2704 1527 2739 .·

361 2760 466 2816 Ubi
493 2764 573 2815 est
619 2758 763 2814 ille?
807 2757 1023 2814 scilicet
1049 2755 1180 2812 talis
1223 2761 1281 2812 et
1333 2760 1528 2811 tantus

353 2830 715 2901 praedicator,
739 2834 798 2885 et
819 2828 1223 2884 miraculorum
1236 2831 1523 2908 operator.

354 2904 475 2960 Nun
502 2901 799 2960 nominant
837 2917 965 2958 eum
994 2898 1225 2981 nomine
1275 2913 1524 2970 proprm,

353 2977 470 3031 tam
523 2978 843 3045 quaerentes
909 2987 1038 3029 eum
1098 2986 1287 3027 animo
1349 2970 1523 3038 bono,

353 3061 525 3117 quam
556 3048 725 3102 malo.
762 3043 1000 3112 Quidam
1025 3042 1176 3100 enim
1192 3041 1526 3112 quaerebant

351 3132 506 3182 eum,
558 3115 840 3172 desiderio
886 3114 1238 3182 addiscendi,
1285 3119 1347 3168 ut
1399 3112 1524 3183 ejus

351 3183 667 3240 doctrinam
696 3185 896 3241 devote
926 3184 1233 3251 audirent;
1268 3182 1388 3251 alii,
1421 3183 1521 3238 de-

351 3253 560 3311 siderio
588 3254 962 3324 malignandi,
993 3260 1054 3311 ut
1079 3271 1209 3311 eum
1239 3253 1521 3310 interfice-

348 3332 505 3391 rent3
537 3323 816 3390 alii,vana
841 3325 1266 3393 curiositate,ut
1291 3341 1420 3381 eum
1441 3324 1520 3380 vi-

347 3395 568 3453 derent.
602 3392 687 3450 Illi
714 3409 869 3464 erg0,
903 3395 998 3464 qui
1028 3396 1360 3465 quaerebant
1385 3411 1517 3450 eum

347 3483 413 3524 ex
444 3464 597 3548 odio,
631 3464 1089 3547 dedignabantur
1120 3481 1253 3521 eum
1284 3464 1516 3522 nomine

386 3554 576 3610 roprio
601 3552 921 3606 nominare,
952 3550 1085 3607 quia
1111 3550 1319 3591 nomen
1348 3552 1514 3592 suum

366 3609 446 3666 uit
471 3610 554 3667 eis
574 3610 874 3667 molestum
892 3611 949 3664 et
969 3622 1160 3679 grave.
1180 3606 1290 3688 scd
1310 3604 1392 3662 illi
1416 3607 1515 3678 qui

338 3681 676 3754 quaerebant
727 3696 855 3738 eum
910 3695 976 3735 ex
1024 3678 1349 3746 devotlone,
1395 3694 1511 3735 non

336 3754 623 3810 audebant
669 3769 798 3809 eum
837 3751 1154 3821 nominare,
1186 3750 1275 3808 vel
1305 3750 1385 3806 ita
1418 3766 1511 3807 re-

330 3826 609 3897 putabant
637 3840 767 3881 eum
809 3824 1090 3881 famosum
1131 3827 1187 3880 et
1216 3822 1507 3879 authenti-

330 3913 481 3966 cum,
525 3897 672 3969 quod
725 3913 841 3953 non
880 3896 1177 3969 oportebat
1215 3894 1366 3950 illius
1404 3909 1505 3948 no-

330 3984 461 4026 men
476 3968 773 4041 proprium
795 3969 1131 4039 exprimere.
1148 3965 1288 4028 Vani
1309 3969 1503 4021 autem

327 4055 445 4096 non
501 4039 780 4097 curabant
837 4045 905 4095 de
961 4056 1062 4096 suo
1119 4035 1369 4094 nomine.
1430 4039 1503 4092 Et

325 4128 575 4169 murmur
597 4111 831 4167 multum
860 4117 978 4167 erat
1024 4113 1084 4165 in
1130 4109 1293 4165 turba
1322 4109 1390 4163 de
1418 4123 1499 4176 e0,

326 4187 385 4240 et
434 4180 714 4242 dissensio
751 4186 987 4254 propter
1037 4179 1496 4260 contrarietatem

326 4251 660 4325 opinionum
691 4253 763 4311 de
800 4269 890 4311 eo,
919 4252 1158 4320 Quidam
1187 4253 1352 4319 enim,
1393 4265 1498 4306 scl-

326 4323 479 4393 licet,
511 4324 609 4395 qui
658 4323 755 4396 pia
798 4321 1115 4378 intentione
1156 4322 1493 4392 quaerebant

1074 376 1294 429 Pnnffl
1349 374 1586 429 PARl'ls
1642 375 1850 428 CAPUT
1905 374 2157 426 LXXXII

1661 494 1811 547 eum,
1858 479 2112 534 dicebant
2154 477 2343 544 :Quia
2386 478 2558 534 bonus
2606 486 2714 551 est,
2746 499 2849 556 ap·

1659 552 1967 623 probantes
1998 550 2121 620 eius
2150 547 2471 605 doctrinam
2500 554 2559 606 et
2589 553 2847 612 miracu·

1659 624 1733 677 la.
1760 624 1886 676 Alii
1914 626 2117 684 autem,
2166 619 2384 676 scilicet
2423 622 2519 692 qui
2551 624 2711 681 mala
2752 625 2846 682 in·

1659 692 1913 748 tentione
1954 708 2084 747 eum
2115 692 2473 762 quaerebant,
2529 695 2841 759 dicebant:

1658 767 1801 832 Non,
1854 764 1951 819 sed
1996 764 2208 818 seducit
2255 764 2471 831 turbas,
2515 764 2672 823 dicta
2716 769 2843 840 ejus

1657 838 2066 906 persequentes
2096 837 2152 889 et
2180 849 2374 905 opera.
2408 834 2514 891 Ubi
2541 836 2628 893 ait
2660 838 2845 909 Chry-

1657 910 1923 961 sostomus
1942 928 1952 960 ι
1972 927 2001 957 «
2027 905 2187 960 lllam
2212 904 2441 976 quidem
2469 909 2700 965 aestimo
2725 913 2846 982 opi-

1658 976 1889 1033 nionem
1927 975 2309 1032 multitudinis
2348 993 2517 1046 esse,·
2551 979 2708 1036 hanc
2739 999 2840 1039 ve·

1656 1064 1720 1103 ro
1768 1049 2092 1119 principum
2118 1052 2176 1102 et
2224 1049 2604 1106 sacerdotum.
2662 1054 2841 1112 Vides

1654 1117 1852 1190 utique
1900 1118 2284 1190 principatum
2333 1127 2695 1192 corruptum,
2738 1141 2840 1182 eos

1655 1195 1849 1246 autem
1905 1189 2005 1261 qui
2063 1189 2405 1262 principatui
2452 1193 2841 1264 subjiciuntur

1656 1277 1827 1317 sanos
1870 1260 2106 1333 judicio.
2154 1284 2181 1313 n
2228 1265 2397 1321 Nemo
2444 1267 2650 1334 tamen,
2694 1268 2841 1323 scili-

1655 1338 1745 1388 cet
1769 1332 2000 1389 illorum
2039 1332 2134 1403 qui
2165 1331 2432 1390 dicebant
2463 1334 2599 1406 quia
2647 1338 2837 1396 bonus

1654 1410 1761 1474 est,
1788 1406 1981 1475 palam
2013 1405 2338 1474 loquebatur
2387 1407 2455 1460 de
2494 1424 2573 1473 eo,
2603 1415 2840 1480 propter

1654 1482 1855 1531 metum
1906 1476 2237 1544 Judaeorum,
2285 1475 2499 1534 scilicet
2551 1479 2842 1553 principa-

1653 1546 1812 1614 lium,
1845 1563 1916 1603 ne
1947 1552 2104 1602 extra
2132 1563 2480 1619 synagogam
2506 1559 2564 1606 et
2594 1568 2843 1624 congre-

1652 1618 1938 1687 gationem
1972 1618 2137 1673 fieret
2165 1617 2429 1676 aliorum.
2469 1623 2546 1676 Ex
2580 1638 2699 1693 quo
2733 1640 2834 1696 pa-

1651 1694 1753 1757 tet,
1785 1690 1938 1760 quod
1962 1688 2250 1760 principes
2278 1690 2470 1761 populi
2495 1693 2647 1748 illius
2682 1695 2837 1752 dice-

1649 1759 1789 1815 bant
1819 1776 1949 1816 eum
1981 1760 2359 1830 seductorem,
2393 1768 2450 1818 et
2479 1765 2667 1836 major
2699 1783 2838 1836 pars

1649 1830 1873 1887 dicebat
1918 1830 2286 1887 contrarium.
2333 1834 2558 1890 Seducit
2606 1839 2829 1904 turbas,

1650 1901 1855 1957 clarius
1891 1903 2171 1958 sonabant
2210 1902 2333 1970 illi;
2371 1905 2470 1960 sed
2504 1907 2678 1962 bonus
2719 1915 2823 1975 est,

1648 1973 1901 2044 pressius
1923 1974 2293 2030 susurrabant
2322 1975 2434 2030 isti.
2462 1978 2605 2033 Ecce
2638 1994 2831 2050 quan·

1646 2050 1768 2099 tum
1802 2045 2139 2114 deprimitur
2174 2045 2384 2102 veritas
2422 2053 2479 2103 et
2525 2050 2831 2108 extollitur

1646 2114 1879 2171 falsitas,
1901 2116 2143 2183 Quidam
2170 2127 2334 2172 erant
2357 2116 2435 2174 ibi
2457 2118 2823 2179 formidolosi

1646 2190 1704 2241 et
1727 2185 1931 2255 timidi,
1962 2186 2057 2256 qui
2089 2186 2147 2242 in
2168 2190 2360 2244 Jesum
2383 2190 2673 2247 Christum
2706 2210 2825 2250 cre·

1645 2256 1878 2326 debant,
1904 2258 2003 2312 sed
2035 2261 2332 2315 veritatem
2362 2259 2551 2317 dicere
2582 2279 2700 2319 non
2727 2281 2825 2321 au·

1644 2327 1874 2396 debant,
1897 2335 1954 2383 et
1984 2327 2112 2384 ideo
2134 2328 2190 2384 in
2221 2331 2459 2388 veritate
2482 2334 2823 2403 peccabant.

1643 2399 1844 2454 Tribus
1873 2399 2025 2455 enim
2045 2400 2250 2470 modiS,
2265 2406 2572 2459 secundum
2592 2406 2825 2476 Chryso-

1640 2474 1891 2534 stomum,
1925 2471 1986 2527 in
2018 2469 2253 2529 veritate
2279 2473 2406 2545 quis
2434 2491 2667 2545 peccare
2697 2483 2823 2549 pot-

1641 2545 1763 2597 est:
1794 2547 1895 2598 aut
1923 2542 2218 2600 veritatem
2244 2561 2362 2616 prae
2391 2545 2598 2604 timore
2627 2553 2822 2606 tacen-

1640 2612 1712 2668 do
1730 2632 1741 2676 ;
1757 2620 1854 2669 aut
1870 2614 2051 2686 ipsam
2067 2616 2363 2673 veritatem
2382 2617 2442 2673 in
2457 2620 2822 2677 mendacium

1639 2699 1821 2739 comm
1832 2687 2063 2755 utando;
2079 2686 2373 2758 autipsam
2386 2690 2680 2747 veritatem
2699 2709 2819 2750 non

1638 2754 2015 2813 defendendo.
2053 2761 2131 2813 De
2160 2758 2361 2829 primis
2390 2760 2597 2817 dicitur
2629 2780 2643 2819 ε
2674 2763 2814 2829 Qui-

1637 2827 1787 2894 dam,
1799 2828 2054 2883 dicebant
2075 2846 2089 2883 t
2109 2830 2251 2896 Quia
2266 2832 2435 2886 bonus
2449 2839 2530 2887 est
2551 2851 2586 2901 ς.
2597 2874 2611 2888 .
2622 2875 2636 2888 .
2655 2850 2814 2891 nemo

1636 2901 1817 2954 tamen
1847 2902 2042 2971 palam
2074 2902 2399 2971 loquebatur
2427 2904 2495 2958 de
2530 2907 2652 2973 illo,
2677 2922 2817 2975 pro-

1625 2973 1755 3039 pter
1769 2976 1969 3027 metum
1990 2973 2320 3028 Judaeorum.
2343 2976 2434 3042 At,
2457 2979 2520 3031 ut
2544 2975 2819 3033 dicitAu-

1631 3044 1889 3106 ,qustinus
1920 3061 1941 3099 :
1974 3061 2003 3096 «
2051 3044 2297 3115 Uterque
2345 3049 2431 3101 est
2486 3062 2618 3103 reus
2659 3049 2817 3119 apud

1632 3111 1834 3179 Deum,
1872 3118 1928 3169 et
1961 3113 2057 3185 qui
2088 3115 2389 3177 veritatem
2419 3121 2591 3187 tacet,
2618 3125 2677 3174 et
2707 3121 2814 3191 qui

1630 3183 1988 3266 mendacium
2021 3185 2153 3241 dicit
2166 3204 2183 3255 3
2223 3186 2320 3243 ille
2357 3188 2493 3259 quia
2533 3190 2816 3271 prodesse

1631 3268 1744 3309 non
1766 3255 1905 3324 vult,
1929 3260 2035 3313 iste
2057 3257 2192 3328 quia
2212 3274 2420 3314 nocere
2439 3260 2751 3317 desiderat.
2781 3281 2810 3315 »
2896 3293 2899 3297 ι

1628 3325 1708 3380 De
1748 3327 2009 3383 secundis
2044 3344 2179 3384 vero
2222 3330 2303 3385 sic
2334 3329 2595 3387 subditur
2630 3348 2644 3386 ε
2680 3333 2813 3389 Alii

1627 3400 1807 3460 autem
1820 3396 2353 3470 dicebant:Non,sed
2364 3403 2575 3457 seducit
2586 3404 2809 3473 turbas;

1629 3465 1700 3521 de
1727 3467 2811 3543 talibusdicitApostoluszGommutave-

1622 3542 1755 3619 runt
1778 3542 1878 3593 Dei
1906 3543 2193 3596 veritatem
2222 3546 2283 3598 in
2321 3546 2688 3601 mendacium.
2722 3548 2807 3604 De

1624 3611 1808 3664 tertiis
1845 3608 2055 3667 dicitur
2085 3629 2099 3667 τ
2129 3615 2367 3669 Multum
2404 3632 2654 3671 murmur
2683 3623 2811 3674 erat

1624 3680 1693 3734 de
1720 3696 1777 3736 eo
1802 3683 1863 3737 in
1877 3683 2039 3737 turba
2063 3700 2077 3751 3
2103 3688 2538 3743 murmurabant
2564 3686 2802 3757 quidem

1621 3750 1692 3807 de
1722 3767 1789 3808 eo
1842 3753 1994 3824 quod
2041 3755 2313 3812 Pharisaei
2349 3757 2632 3814 Christum
2663 3774 2807 3830 per-

1620 3824 2026 3893 sequebantur,
2046 3826 2146 3881 sed
2176 3832 2369 3884 tamen
2394 3845 2526 3885 eum
2558 3846 2675 3885 non
2704 3830 2804 3886 de-

1617 3893 1951 3958 fendebant:
1980 3913 2085 3952 nec
2109 3904 2305 3969 aperte
2333 3900 2601 3956 resistere
2624 3901 2796 3957 aude-

1616 3963 1773 4034 bant,
1795 3982 1921 4022 cum
1939 3972 2131 4025 tamen
2153 3969 2303 4027 dicat
2328 3971 2592 4042 Sapiens:
2615 3974 2798 4043 Usque

1614 4037 1690 4091 ad
1718 4042 1944 4094 mortem
1971 4045 2119 4095 certa
2144 4058 2246 4112 pro
2271 4042 2523 4111 justitia.

1682 4130 1712 4179 7
1753 4110 1927 4189 ‚Qum
1956 4127 2226 4168 conuums
2255 4131 2574 4171 parmeno·
2614 4145 2683 4157 —-
2713 4117 2794 4172 De

1612 4180 1877 4260 omnibus
1953 4183 2132 4239 servis
2195 4185 2401 4241 Christi
2458 4187 2571 4243 boc
2639 4187 2794 4243 idem

1608 4247 1834 4330 dicitur.
1898 4253 2009 4309 Scd
2060 4270 2174 4310 non
2224 4255 2458 4326 mirum,
2497 4258 2546 4313 si
2588 4258 2660 4315 de
2702 4257 2791 4314 eis

1607 4322 1785 4391 inlqui
1821 4322 2085 4380 homines
2115 4324 2431 4397 aliquando
2493 4329 2646 4385 male
2697 4329 2786 4384 lo-
