3146 5023
665 407 745 460 DE
800 408 1104 462 MULIERE
1159 409 1380 463 vocEM
1434 409 1514 464 DE
1568 411 1793 465 TURBA
1844 411 2303 466 EXTOLLENTE·
2359 412 2500 466 nc,
2717 409 2810 462 229

373 528 444 568 ur
469 515 532 569 m
553 516 627 596 te,
654 529 776 586 quae
803 514 955 571 dicta
976 518 1106 572 sunt
1133 515 1238 571 tibi
1264 531 1300 570 a
1326 517 1526 572 Domi-
1638 515 1863 573 duobus
1890 514 1980 572 his
2009 515 2509 587 comprehenditur
2540 533 2554 574 ι
2587 521 2651 574 ut
2673 517 2807 573 Ver·
2835 524 2838 527 ’

349 586 699 642 ηο.’Βθε,ῐ·ιοι’
749 602 886 657 ergo
919 585 1045 656 fuit,
1089 586 1223 659 quia
1271 588 1522 644 Verbum

349 655 1267 812 ἓῑῖἷὲῗὲἓὲῗέἔειωὲξὲῖἓοῖῗιὲἳῗίἶὲ
1298 658 1521 788 αἰᾛῗῑ]

766 772 779 797 2
1253 772 1266 799 ν
1482 762 1520 773 “

348 797 510 856 diose
562 800 891 873 operatione
951 801 1250 858 custodivit
1305 819 1319 858 t
1386 804 1519 874 quia

350 874 642 944 conceptio
674 871 985 955 spiritualis
1023 889 1134 955 qua
1172 873 1428 931 Christus
1457 874 1517 931 in

345 942 519 999 corde
567 949 900 1013 concipitur,
955 944 1174 1001 felicior
1216 950 1301 1001 est
1346 962 1517 1018 quam

349 1013 616 1071 carnalis.
644 1014 809 1071 Fides
838 1015 991 1072 enim
1026 1032 1126 1086 per
1154 1016 1516 1075 dilectionem

348 1100 592 1157 operans
623 1087 1033 1144 beatitudinem
1072 1092 1343 1145 aeternam
1374 1106 1516 1160 pro-

349 1162 636 1225 meretur3
675 1174 789 1215 non
843 1163 1036 1215 autem
1081 1159 1372 1231 conceptio
1428 1162 1515 1217 vel

349 1228 595 1299 portatio
626 1229 746 1285 sine
783 1230 893 1287 fide
923 1248 936 1286 ε
966 1230 1100 1301 quia
1127 1235 1246 1287 sine
1281 1233 1390 1302 fide
1414 1233 1515 1289 im-

344 1301 614 1371 possibile
639 1306 719 1358 est
742 1303 962 1372 placere
990 1306 1116 1359 Deo.
1144 1303 1304 1359 Unde
1321 1320 1515 1361 secun-

353 1369 488 1425 dum
519 1372 916 1443 Augustulum,
952 1373 1176 1430 beatior
1204 1374 1309 1430 fuit
1339 1374 1518 1431 Maria

349 1441 673 1513 profitendo
706 1444 880 1501 fidem
910 1443 1136 1514 Christi,
1169 1461 1341 1516 quam
1371 1463 1517 1503 con-

352 1511 613 1584 cipiendo
640 1531 872 1573 carnem
907 1515 1113 1572 Christi
1136 1559 1150 1585 ,
1198 1521 1255 1572 et
1301 1517 1518 1575 felicius

352 1585 613 1657 concepit
627 1588 804 1644 Deum
817 1592 1006 1644 mente
1017 1603 1120 1659 per
1138 1588 1333 1658 fldem,
1347 1606 1517 1661 quam

348 1670 588 1727 corpore
644 1674 747 1729 per
808 1658 995 1716 carnis
1042 1660 1514 1732 assumptionem.

349 1726 499 1783 Nihil
521 1727 672 1785 enim
690 1729 881 1787 Mariae
910 1736 1167 1788 materna
1184 1732 1517 1803 propinqui-

348 1800 436 1854 tas
463 1800 787 1871 profuisset,
821 1802 927 1858 nisi
957 1801 1118 1859 illum
1151 1803 1370 1860 felicius
1398 1820 1519 1861 cor·

349 1870 420 1926 de
472 1886 640 1943 quam
687 1890 860 1931 carne
898 1880 1194 1945 gestasset.
1240 1875 1400 1932 Unde
1438 1874 1517 1932 ait

349 1941 759 2017 chrysostomus
816 1964 832 2003 z
887 1964 915 1999 «
971 1948 1164 2016 Neque
1217 1947 1516 2018 concipere

351 2013 664 2084 Christum;
725 2032 909 2088 neque
973 2017 1293 2074 mirabilem
1354 2018 1515 2075 illum

351 2084 550 2140 foetum
568 2103 796 2167 parere,
833 2089 1005 2146 habet
1032 2088 1283 2160 aliquam
1313 2089 1515 2147 utilita-

350 2158 487 2225 tem,
528 2163 735 2215 virtute
772 2175 883 2215 non
927 2159 1215 2229 existente,
1245 2160 1516 2233 quoniam

246 2238 251 2243 ·
351 2226 506 2284 nulla
530 2229 696 2302 hujus
724 2230 777 2289 ei
806 2231 1039 2300 utilitaS‚
1072 2232 1120 2288 si
1147 2248 1262 2288 non
1294 2232 1513 2290 univer·

349 2314 412 2355 sa
441 2315 567 2370 quae
617 2307 841 2371 oportet
875 2303 1099 2372 fecerit;
1133 2308 1188 2359 et
1211 2303 1353 2359 nihil
1382 2320 1514 2377 par-

347 2374 436 2429 tus
475 2371 525 2453 ei
556 2373 883 2444 profuisset,
917 2375 1026 2431 nisi
1074 2375 1236 2431 valde
1277 2376 1429 2432 bona
1459 2381 1517 2433 et

347 2440 533 2499 fidelis
554 2445 784 2503 esset.Si
808 2462 940 2503 vero
958 2446 1150 2504 Mariae
1175 2446 1315 2503 nihil
1348 2447 1513 2519 prod-

349 2519 434 2570 est
471 2520 528 2571 et
571 2516 693 2573 sine
739 2535 827 2587 ea,
875 2535 999 2590 quae
1045 2519 1355 2576 secundum
1396 2519 1513 2576 ani-

350 2600 503 2642 mam
537 2593 640 2657 est,
670 2589 876 2646 virtute
907 2590 1158 2661 genitum
1186 2592 1257 2647 ab
1290 2607 1358 2647 ea
1388 2607 1512 2647 esse

349 2657 661 2729 Christum3
690 2661 868 2717 multo
893 2662 1073 2734 magis
1103 2678 1209 2718 nos
1247 2662 1352 2719 etsi
1400 2678 1513 2734 pa—

346 2732 513 2799 trem,
550 2731 654 2788 etsi
685 2732 866 2789 filium
892 2733 1256 2791 habuerimus
1285 2734 1512 2791 virtuo—

347 2815 473 2857 sum
498 2808 555 2859 et
583 2804 856 2874 nobilem,
891 2804 999 2877 ipsi
1029 2822 1162 2862 vero
1203 2806 1372 2877 longe
1407 2805 1513 2861 eri-

345 2886 473 2928 mus
515 2890 550 2930 a
576 2875 782 2932 virtute
816 2876 987 2945 illius,
1030 2876 1195 2934 nobis
1244 2877 1513 2948 prodesse

344 2944 597 3015 poterit:
632 2966 660 2999 »
692 2947 814 3003 haec
841 2948 1270 3018 chrysostomus·
1317 2949 1423 3005 Ubi
1457 2952 1515 3005 et

345 3015 497 3096 Deda
536 3035 554 3072 ε
600 3037 629 3070 «
672 3018 930 3074 Pulchrae
988 3018 1337 3075 attestationi
1394 3036 1511 3076 mu·

344 3085 503 3143 lieris
533 3089 760 3158 annuit,
793 3105 907 3145 non
937 3105 1064 3146 eam
1094 3093 1511 3161 tantummod0‚

347 3173 477 3230 quae
496 3161 743 3218 Verbum
761 3160 860 3217 Dei
889 3161 1262 3233 corporaliter
1281 3178 1513 3233 genera-

344 3245 408 3286 re
447 3238 755 3302 meruerat,
787 3233 885 3289 sed
913 3239 969 3289 et
999 3248 1195 3289 omues
1235 3233 1330 3304 qui
1361 3236 1512 3291 Ver-

343 3301 480 3383 bum
503 3303 601 3359 Dei
621 3304 993 3377 spiritualiter
1004 3306 1202 3362 auditu
1226 3304 1362 3362 fidei
1383 3322 1511 3363 con·

345 3388 554 3455 cipere,
591 3380 647 3432 et
683 3377 821 3434 boni
861 3377 1050 3449 operis
1097 3376 1375 3447 custodia,
1423 3378 1510 3434 vel

344 3460 404 3499 in
434 3462 535 3503 suo
571 3448 659 3504 vel
690 3450 745 3505 in
774 3449 1160 3521 proximorum
1190 3449 1360 3506 corde
1398 3464 1512 3521 pa-

344 3531 493 3588 rere,
526 3522 584 3575 et
611 3520 771 3591 quasi
804 3523 957 3578 alere
989 3520 1330 3590 studuerint,
1361 3536 1510 3577 asse-

342 3601 478 3669 rens
506 3605 632 3670 esse
661 3592 859 3648 beatos
890 3610 903 3648 z
938 3593 1072 3663 quia
1092 3597 1148 3649 et
1179 3593 1381 3649 eadem
1411 3590 1512 3647 Dei

343 3657 614 3729 Gemtrix,
669 3660 799 3719 inde
898 3664 1083 3719 uidem
1137 3665 1325 3732 beata,
1381 3662 1514 3734 quia

341 3729 511 3787 Verbi
569 3730 851 3789 incarnan
895 3733 1206 3790 iministra
1236 3737 1384 3791 sacta
1428 3737 1514 3790 est

340 3802 705 3872 temporalis3
736 3804 837 3860 sed
871 3804 1002 3861 inde
1053 3805 1233 3861 multo
1271 3803 1511 3875 beatior,

341 3873 475 3943 quia
504 3874 760 3945 ejusdem
796 3891 1023 3947 semper
1062 3875 1292 3932 amandi
1323 3881 1513 3933 custos

340 3947 610 4002 manebat
640 3951 876 4004 aeterna.
917 3945 1059 4015 Quia
1098 3947 1381 4004 sententia
1411 3964 1515 4005 sa-

338 4014 564 4144 gientes
582 4020 613 4075 J
620 4018 918 4075 udaeorum
938 4022 1227 4100 tamquam
1245 4018 1259 4074 i
1271 4020 1516 4090 ndignos

382 4089 701 4147 eatitudine
717 4091 861 4147 clam
873 4095 1135 4162 percutit,
1150 4091 1249 4162 qui
1269 4094 1516 4150 Verbum

341 4160 444 4216 Dei
463 4177 580 4218 non
602 4161 802 4219 audire
830 4169 888 4220 et
917 4162 1201 4220 custodire
1226 4182 1240 4235 3
1273 4164 1373 4220 sed
1404 4180 1516 4221 ne—

338 4247 475 4359 {are
514 4238 572 4290 et
610 4235 1012 4307 blasphemare
1100 4237 1389 4292 uaerebant
1437 4255 1513 4291 z»

380 4319 463 4360 aec
512 4307 683 4362 Beda.
740 4308 828 4373 Et,
881 4323 1056 4364 secun
1103 4323 1195 4364 um
1250 4307 1515 4364 eumdem

340 4377 565 4448 Bedam,
614 4383 736 4437 tota
765 4378 894 4436 vitae
940 4378 1187 4437 coelestis
1241 4376 1512 4451 perfectio

1634 588 1774 645 bum
1831 586 1932 644 Dei
1992 586 2310 656 audiamus,
2378 592 2436 644 et
2506 587 2802 645 faciamus·

1634 660 1812 726 Quem
1841 674 1977 729 ergo
2007 658 2299 716 beatitudo
2327 660 2519 716 Matris
2540 659 2804 729 delectat,

1632 732 1881 788 Verbum
1914 730 2014 785 Dei
2043 728 2285 786 libenter
2314 730 2510 787 audire
2539 735 2594 788 et
2623 735 2803 788 custo·

1632 802 1755 858 dire
1785 802 2030 870 studeat,
2061 805 2116 857 et
2146 802 2345 857 beatus
2381 801 2508 857 erit.
2541 800 2805 873 Quisquis

1631 872 1783 930 enim
1802 875 2039 930 verbum
2060 872 2159 928 Dei
2181 873 2424 929 libenter
2439 872 2619 939 audit,
2641 872 2803 929 Chri-

1631 953 1780 1001 stum
1806 944 2079 1016 concipit3
2102 943 2188 999 sin
2207 949 2396 1000 autem
2418 959 2589 1015 opere
2611 942 2807 1014 imple·

1629 1016 1796 1086 verit,
1836 1016 1921 1072 vel
1948 1014 2280 1072 custodierit
2312 1014 2594 1072 Christum
2623 1013 2797 1087 parit;

1629 1105 1755 1160 quae
1788 1089 1965 1144 Maria
1993 1086 2240 1158 portavit
2265 1085 2656 1157 corporaliter,
2681 1088 2802 1157 ipse

1629 1165 1820 1231 portat
1832 1157 2223 1230 spiritualiter.
2240 1158 2399 1214 Unde
2413 1159 2759 1225 Auqustinus
2784 1175 2798 1214 z

1629 1230 1736 1299 Qui
1757 1231 1925 1287 corde
1952 1229 2168 1286 arcedit
2187 1229 2258 1286 ad
2281 1228 2582 1311 justitiam,
2601 1228 2802 1285 couci—

1626 1303 1712 1374 pit
1749 1302 2033 1360 Christum
2063 1318 2076 1370 3
2119 1307 2176 1357 et
2213 1318 2309 1372 qui
2348 1316 2448 1357 ore
2488 1300 2799 1356 confitetur

1631 1373 1702 1429 ad
1754 1374 2016 1441 salutem,
2077 1372 2227 1445 parit
2280 1371 2583 1429 Christum.
2640 1371 2799 1427 Unde

1630 1444 1767 1502 alibi
1797 1444 2068 1501 Dominus
2096 1444 2176 1500 ait
2208 1461 2221 1499 ε
2251 1444 2586 1514 Quicumque
2608 1443 2802 1510 feeerit

1630 1518 1966 1573 voluntatem
1990 1518 2176 1572 Patris
2201 1518 2327 1584 mei,
2356 1518 2476 1586 ipse
2501 1530 2651 1570 meus
2676 1515 2797 1582 sra-

1632 1594 1714 1645 tcr
1728 1593 1779 1645 et
1816 1604 1967 1644 soror
1995 1593 2046 1643 et
2067 1592 2241 1642 mater
2273 1592 2373 1644 est.
2416 1605 2444 1639 »
2486 1588 2600 1642 Hac
2632 1585 2800 1642 laude

1633 1659 1841 1717 Christi
1872 1658 2184 1731 matrisque
2214 1659 2358 1730 eju8‚
2400 1673 2526 1714 cum
2548 1673 2608 1714 se
2632 1655 2800 1713 audi·

1629 1737 1718 1788 ret
1748 1731 1966 1788 laudari
1995 1746 2030 1787 a
2079 1730 2324 1802 quadam
2367 1728 2628 1798 muliere,
2682 1729 2796 1784 Ro·

1629 1805 1823 1860 bertus
1852 1802 2094 1860 fundans
2126 1806 2181 1858 et
2196 1801 2485 1858 aedificans
2511 1804 2797 1856 monaste-

1629 1874 1777 1931 rium
1833 1877 2402 1941 praemonstratense,
2447 1871 2526 1928 ait
2563 1870 2616 1927 ei
2667 1887 2680 1927 ε
2731 1872 2799 1927 Et

1629 1946 1932 2002 maledicta
1945 1944 2195 2016 tu,etqui
2216 1944 2319 2002 tibi
2335 1941 2800 2024 suggessitverba

1630 2018 1944 2086 Dominica,
1986 2022 2041 2074 et
2069 2017 2294 2073 laudem
2324 2016 2450 2088 ejus
2482 2014 2542 2071 in
2576 2029 2666 2070 me
2695 2029 2797 2068 mi-

1630 2105 1819 2145 serum
1857 2093 2212 2159 retorquere,
2260 2087 2355 2157 qui
2394 2086 2566 2142 etiam
2600 2083 2796 2141 modi-

1630 2177 1696 2218 ca
1719 2161 1889 2217 laude
1919 2159 2044 2231 capi
2090 2174 2512 2216 consueveram.
2546 2157 2796 2212 Verbum

1627 2231 1849 2289 Domini
1881 2231 2049 2288 debet
2076 2229 2260 2286 audiri
2292 2232 2623 2285 reverenter
2654 2241 2792 2297 pro-

1628 2308 1753 2372 pter
1780 2302 2212 2374 pretiositatem.
2258 2300 2314 2358 Si
2362 2299 2535 2368 euim,
2584 2296 2793 2380 aliquis

1628 2375 1864 2433 haberet
1903 2374 2238 2446 particulam
2266 2372 2337 2428 de
2359 2375 2513 2428 veste
2547 2372 2792 2450 Domini,

1626 2448 1712 2502 vel
1751 2447 2222 2519 lacrymam'quae
2279 2442 2448 2500 exivit
2499 2443 2569 2498 de
2615 2440 2793 2498 oculis

1626 2515 2482 2661 gigffigggggffiffissgygfflg
2511 2511 2796 2642 ῗὲῗωὲἱῗ

2263 2631 2276 2658 Ὶ

1625 2666 1714 2718 ter
1740 2661 2049 2732 susciperet
2075 2666 2130 2716 et
2160 2662 2442 2724 servaret3
2466 2656 2644 2713 multo
2676 2656 2790 2712 for-

1625 2733 1737 2790 tius
1766 2734 1999 2789 verbum
2024 2729 2272 2797 Domini,
2292 2728 2443 2801 quod
2460 2744 2589 2809 nou·
2608 2727 2791 2808 solum

1627 2804 1920 2877 egreditur
1939 2804 2009 2860 de
2040 2819 2139 2859 ore
2168 2803 2311 2874 ejuS,
2345 2800 2444 2857 sed
2473 2800 2545 2856 de
2574 2804 2791 2855 intimis

1626 2876 1816 2933 cordis
1852 2874 2033 2948 ipsius
2069 2873 2256 2931 audiri
2295 2873 2483 2929 debet.
2514 2873 2654 2926 Item
2687 2884 2791 2941 pa-

1625 2949 1836 3004 tienter
1860 2963 1976 3002 non
2000 2962 2127 3001 cum
2157 2943 2347 3013 taedio,
2378 2941 2790 3022 vel-murmure

1627 3025 1683 3076 et
1716 3017 2102 3085 detractione3
2151 3015 2289 3071 item
2329 3012 2680 3079 obedienter,
2727 3014 2792 3067 ut

1628 3090 1843 3147 scilicet
1900 3088 2051 3160 quod
2100 3086 2229 3159 quis
2282 3083 2441 3142 audit
2483 3081 2789 3154 opereim-

1627 3163 1799 3235 pleat.
1846 3159 1975 3217 Mali
2016 3158 2260 3216 libenter
2318 3157 2528 3213 debent
2588 3153 2788 3210 audire

1627 3235 1862 3290 verbum
1889 3230 1990 3288 Dei
2011 3235 2074 3288 ut
2101 3228 2477 3300 corrigantur,
2499 3241 2634 3282 nam
2663 3241 2788 3282 ver-

1627 3307 1764 3363 bum
1794 3303 1892 3360 Dei
1924 3308 2011 3360 est
2039 3301 2321 3358 medicina
2352 3298 2557 3357 animae
2596 3302 2792 3379 contra

1629 3378 1890 3433 morbum
1948 3372 2188 3446 peccati.
2249 3371 2390 3429 Boni
2448 3370 2641 3438 etiam,
2694 3385 2791 3440 qui

1628 3452 1760 3504 sunt
1790 3447 1848 3503 in
1877 3452 2026 3504 statu
2056 3443 2284 3517 triplici,
2313 3443 2558 3501 libenter
2585 3442 2795 3498 debent

1625 3520 1823 3576 audire
1870 3520 2107 3576 verbum
2168 3516 2268 3573 Dei
2322 3534 2336 3573 ε
2395 3512 2794 3596 incipientibus

1626 3591 1780 3648 enim
1819 3591 1929 3647 hoc
1964 3588 2228 3647 convenit
2257 3591 2320 3644 ut
2345 3586 2697 3663 erudiantur,
2738 3586 2796 3638 et

1625 3663 1737 3719 illis
1773 3665 2009 3721 verbum
2061 3660 2161 3719 Dei
2199 3664 2284 3716 est
2323 3659 2448 3737 lac;
2487 3654 2792 3727 proficien-

1627 3733 1779 3792 tibus
1802 3734 1975 3791 etiam
2005 3729 2269 3789 convenit
2315 3727 2511 3786 audire
2553 3725 2794 3780 verbum

1627 3805 1750 3874 Dei,
1797 3810 1859 3861 ut
1904 3803 2223 3874 dirigantur
2268 3800 2327 3857 in
2374 3797 2466 3854 via
2509 3795 2796 3876 profectus

1628 3874 1969 3948 spiritualis:
2002 3870 2268 3945 perfectis
2312 3869 2483 3926 etiam
2532 3868 2797 3948 convenit

1627 3946 1827 4004 audire
1861 3946 2096 4002 verbum
2132 3942 2252 4010 Dei,
2286 3944 2347 3997 ut
2385 3938 2628 4010 amplius
2665 3952 2795 4018 per-

1628 4017 1919 4081 ficiantur,
1952 4015 2156 4087 quibus
2184 4013 2419 4068 verbum
2440 4009 2539 4066 Dei
2558 4013 2644 4065 est
2668 4007 2799 4088 s0113

1628 4091 1735 4147 dus
1799 4090 1977 4146 cibuS.
2034 4089 2132 4142 Est
2189 4083 2342 4141 enim
2398 4082 2634 4162 verbum
2695 4081 2796 4136 Dei

1628 4176 1843 4217 manna
1872 4159 2120 4227 coeleste,
2150 4162 2207 4214 et
2232 4154 2378 4226 sapit
2408 4152 2660 4220 cuilibet,
2691 4166 2795 4223 pro

1629 4249 1733 4289 suo
1766 4232 1930 4289 velle.
1988 4230 2147 4287 Unde
2183 4229 2488 4296 Oriqenes:
2547 4244 2577 4275 «
2637 4224 2798 4279 Nunc

1628 4317 1765 4377 ergo
1791 4302 2126 4361 festinemus
2150 4301 2378 4357 coeleste
2408 4310 2618 4354 manna
2667 4310 2797 4352 sus-

1626 4375 1845 4449 cipere;
1907 4374 2045 4432 illud
2124 4371 2275 4431 enim
2353 4383 2566 4427 manna
2630 4369 2820 4440 prout-
