3146 5023
395 448 463 504 ⁹⁰
1147 445 1369 500 PRIMA:
1421 444 1667 499 unns
1721 443 1924 497 CAPUT
1974 443 2114 496 LVII

399 573 433 606 α
453 550 742 622 Quidquid
767 552 1061 622 quaeretur
1088 548 1163 605 ad
1187 548 1454 629 salutem,
1480 553 1572 604 to·

396 626 522 680 tum
553 623 664 679 ‘am
697 621 1069 693 adimpletum
1095 623 1186 676 est
1220 619 1282 675 in
1315 621 1403 677 Sci
1422 626 1571 690 iptu·

394 692 497 752 ris.
581 693 637 751 ui
662 693 898 765 ignarus
925 696 1036 760 est,
1068 688 1292 747 invenit
1310 690 1391 747 ibi
1421 690 1575 761 quod

394 764 611 833 discat,
635 767 736 846 qui
767 769 1072 820 contumax
1091 766 1181 819 ost
1207 766 1263 818 et
1288 766 1573 834 peccator,

393 835 620 893 invenit
647 835 726 891 ibi
748 833 925 891 futuri
942 832 1146 905 judicii
1174 833 1423 914 flagella,
1445 847 1575 903 quae

395 905 630 974 timeam
669 905 768 977 qui
798 906 1043 975 laborat,
1078 903 1299 960 invenit
1335 903 1416 961 ibi
1451 904 1576 985 glo-

395 977 515 1034 n‘as
586 975 982 1048 promissionis
1052 990 1158 1046 per
1198 979 1345 1031 etuae
1419 980 1572 1042 v1tae,

392 1044 1578 1189 tm}Ptffiazt‘sfffflffi.}{⁶{tssffir

394 1189 618 1257 firmus,
650 1160 865 1245 invenit
890 1186 971 1244 ibi
998 1186 1316 1244 mediocres
1338 1187 1575 1259 justitiae

396 1259 579 1327 cibos,
609 1258 728 1331 qui,
756 1258 863 1315 etsi
893 1260 1162 1330 pinguem
1183 1257 1431 1314 animam
1461 1274 1577 1315 non

394 1330 633 1397 faciunt,
662 1335 857 1386 tamen
889 1328 1038 1385 mori
1062 1328 1570 1399 non>permittunt3

391 1403 492 1473 qui
524 1401 927 1471 magnanimus
954 1403 1044 1457 est
1069 1404 1129 1455 et
1157 1399 1368 1468 fidelis,
1410 1399 1567 1456 inve-

396 1472 483 1528 nit
509 1471 589 1527 ibi
621 1470 1034 1543 spiritualiores
1071 1486 1232 1527 escas
1274 1470 1575 1527 continen-

394 1541 561 1600 tioris
585 1542 735 1612 vitae,
758 1559 884 1614 quae
898 1542 1213 1614 perducent
1237 1557 1368 1598 eum
1398 1557 1578 1613 prope

393 1615 469 1671 ad
498 1615 848 1685 Angelorum
875 1619 1141 1670 naturam
1170 1631 1186 1681 ;
1215 1613 1313 1684 qui
1341 1629 1572 1694 percus-

396 1700 495 1741 sus
529 1701 567 1741 a
600 1685 830 1742 diabolo
861 1683 1192 1749 vulneratus
1230 1688 1316 1739 est
1345 1701 1405 1739 1n
1443 1699 1575 1754 pec-

391 1756 555 1823 catiS,
616 1755 834 1811 invenit
865 1753 944 1810 ibi
989 1754 1354 1810 medicinales
1395 1754 1573 1823 ciboS,

396 1825 495 1896 qui
539 1842 670 1881 eum
706 1841 809 1896 per
854 1823 1252 1895 poenitentiam
1309 1830 1578 1895 reparent

394 1896 470 1953 ad
506 1896 749 1952 salutem
783 1913 798 1951 ι
832 1914 862 1948 »
894 1896 1017 1951 haec
1044 1897 1475 1964 chrysostomus.

467 1969 501 2022 8
561 1968 776 2022 Jumcm
811 1967 914 2022 Dm
961 1983 1216 2022 ocanTA.
1267 1996 1339 2009 --
1392 1968 1576 2034 Quare

395 2041 600 2094 autem
657 2037 815 2105 olim,
871 2053 987 2093 non
1037 2036 1128 2093 his
1190 2036 1288 2108 qui
1341 2039 1575 2094 credere

302 2160 306 2165 .
394 2113 731 2180 potuerunt,
758 2124 955 2165 verum
985 2107 1199 2164 Judaeis
1226 2108 1321 2179 qui
1341 2110 1575 2165 credere

400 2179 731 2247 noluerunt,
779 2180 851 2235 sit
890 2179 1360 2249 evangelizatum,
1396 2180 1577 2251 ipsius

400 2252 712 2307 secundum
731 2252 955 2320 Bedam,
980 2256 1068 2307 est
1086 2251 1252 2318 scire,
1276 2251 1435 2320 cujus
1455 2251 1581 2307 uni·

402 2337 583 2377 versae
622 2327 750 2376 sunt
784 2325 889 2376 viar
931 2322 1309 2377 misericordia
1348 2327 1399 2377 et
1440 2325 1580 2376 veri-

405 2395 512 2446 tas.
553 2392 719 2459 Quia,
751 2392 1061 2447 secundum
1091 2393 1433 2460 Anselmum,
1462 2393 1573 2447 alio

402 2462 574 2518 modo
599 2462 755 2533 juste
785 2462 1018 2518 damnat
1044 2463 1247 2532 maIOS,
1272 2462 1384 2520 alio
1403 2464 1573 2519 modo

394 2534 548 2605 juste
594 2536 781 2604 parcit⁸
815 2531 999 2589 maliS.
1053 2536 1194 2590 Nam
1244 2550 1373 2591 cum
1421 2536 1576 2590 dam-

398 2609 501 2660 nat
531 2605 720 2685 ‘malos
743 2606 963 2675 justum
1013 2609 1122 2673 est,
1155 2604 1289 2677 quia
1341 2605 1573 2661 illorum

397 2675 620 2731 meritis
663 2675 969 2744 convenit3
1021 2692 1153 2732 cum
1203 2692 1339 2732 vero
1431 2677 1576 2732 arcit

395 2744 584 2814 maliS,
606 2747 823 2819 justum
853 2752 960 2815 est,
991 2763 1108 2802 non
1162 2747 1296 2828 quia
1344 2746 1383 2802 il
1410 2764 1576 2803 orum

394 2817 636 2886 meritis,
664 2818 764 2873 sed
789 2817 923 2888 quia
952 2817 1190 2874 bonitatl
1221 2834 1339 2874 suae
1371 2819 1578 2874 conde·

395 2902 529 2945 cens
561 2894 666 2944 est.
700 2890 991 2945 parcendo
1020 2905 1157 2960 ergo
1191 2889 1358 2945 malis
1380 2890 1576 2960 justus

401 2963 490 3015 est
540 2961 856 3016 secundum
892 2976 987 3029 se,
1028 2966 1087 3016 et
1129 2959 1450 3016 misericors
1491 2977 1578 3016 se-

1680 547 1838 606 enim
1861 546 1995 604 ideo
2021 550 2108 602 est
2134 543 2488 614 misericors,
2515 547 2658 618 quia
2685 548 2861 608 mise-

1682 635 1810 675 rum
1837 634 1937 675 cor
1971 618 2183 674 babeat
2209 634 2226 685 3
2257 617 2361 674 sed
2392 617 2530 688 quia
2554 618 2711 677 circa
2747 618 2860 679 mi-

1683 705 1844 747 seros
1881 705 1981 746 cor
2006 687 2237 761 pietatis
2262 704 2387 745 suae
2419 688 2718 761 impendit.
2752 693 2862 760 Qui

1683 761 1878 829 etiam,
1913 760 2225 817 secundum
2261 761 2661 829 Anqustinum,
2701 764 2864 835 quus

1681 833 1798 889 vult
1845 829 2170 900 miseretur,
2209 847 2327 886 non
2362 831 2425 887 in
2460 832 2708 903 justitia,
2758 834 2864 892 sed

1683 902 1898 976 gratia3
1932 917 2102 974 quem
2135 902 2258 959 vult
2289 904 2553 971 obdurat,
2587 920 2705 961 non
2747 902 2864 961 ini·

1684 974 1922 1047 quitate,
1985 974 2088 1029 sed
2137 972 2380 1030 veritate
2435 974 2725 1032 vindictae.
2768 973 2864 1032 Sic

1683 1051 1879 1102 tamen
1936 1042 2330 1101 misericordia
2382 1048 2440 1101 et
2486 1046 2697 1103 veritas
2757 1047 2860 1103 ob·

1683 1116 1839 1173 viant
1862 1114 1991 1184 sibi,
2027 1120 2092 1172 ut
2117 1131 2223 1172 nec
2254 1115 2649 1174 misericordia
2677 1117 2860 1189 impe-

1684 1188 1805 1244 diat
1835 1187 2155 1255 veritatem,
2178 1202 2292 1257 qua
2320 1186 2581 1257 plectitur
2609 1187 2816 1259 diguus
2841 1204 2856 1257 ;

1686 1274 1794 1315 nec
1817 1257 2029 1315 veritas
2057 1256 2531 1326 misericordiam,
2570 1274 2685 1328 qua
2712 1259 2858 1316 libe-

1684 1335 1847 1386 ratur
1901 1327 2190 1399 indignus.
2248 1331 2400 1385 Deus
2464 1328 2717 1401 quidem,
2782 1329 2858 1386 ab

1686 1406 1901 1457 aeterno
1930 1401 2118 1456 sciens
2149 1399 2642 1457 conversationem
2672 1400 2858 1456 homi·

1685 1487 1823 1529 num
1874 1470 2087 1527 malam
2142 1470 2417 1539 futuram,
2472 1476 2530 1526 et
2582 1471 2716 1542 quia
2751 1486 2859 1528 nec

1685 1542 1808 1599 sola
1859 1541 2163 1598 severitate
2221 1546 2417 1613 posset
2468 1542 2700 1612 salvari,
2752 1557 2859 1599 nec

1685 1614 1808 1669 sola
1850 1612 2242 1669 misericordia
2281 1611 2583 1693 pervenire
2613 1614 2685 1668 ad
2710 1628 2862 1738 (pro-

1684 1687 1893 1740 sectum
1926 1683 2284 1752 meritorum,
2315 1683 2565 1740 decrevit
2595 1699 2707 1754 quo
2755 1725 2769 1752 ,
2798 1699 2860 1740 m

1684 1771 2026 1826 unoquoque
2090 1759 2365 1826 tempore,
2428 1753 2859 1823 praedicandum

1685 1832 1859 1893 esset,
1891 1841 2348 1897 unumquemque
2382 1824 2722 1905 permittens
2751 1840 2857 1882 suo

1678 1896 1921 1968 judicio,
1946 1896 2006 1952 id
2046 1901 2134 1953 est
2159 1896 2405 1953 naturali
2434 1895 2567 1967 legi,
2599 1912 2727 1967 quae
2767 1895 2857 1952 di-

1686 1970 1761 2024 cit
1785 1967 1844 2023 in
1891 1968 2113 2025 corde:
2161 1968 2317 2034 Quod
2374 1967 2449 2022 ad
2498 1969 2612 2022 alio
2669 1968 2856 2023 oderis

1685 2040 1806 2110 fieri
1855 2040 1979 2102 tibi,
2030 2054 2098 2094 ne
2126 2040 2291 2093 alteri
2318 2040 2520 2105 facias.
2554 2038 2685 2106 Sed,
2722 2036 2858 2109 quia

1688 2109 1966 2166 naturalis
1994 2109 2083 2166 lex
2119 2107 2409 2180 obtorpuit
2445 2107 2858 2165 consuetudine

1684 2180 1979 2253 peccandi,
2000 2179 2311 2251 praedicata
2333 2185 2438 2244 est,
2460 2196 2584 2250 quae
2610 2181 2860 2236 refrena·

1685 2258 1775 2308 ret
1806 2256 2125 2323 peccantes,
2154 2254 2243 2319 Et,
2286 2250 2421 2322 quia
2444 2250 2652 2307 iterum
2680 2252 2852 2308 homo

1687 2340 1803 2379 non
1831 2339 1892 2378 se
1924 2338 2029 2394 per
2055 2321 2197 2392 legis
2226 2321 2586 2378 severitatem
2607 2323 2855 2391 cohibet,

1685 2394 1800 2450 imo
1828 2409 1932 2464 per
1957 2392 2325 2449 interdictum
2361 2409 2495 2449 reus
2532 2395 2852 2462 tenebatur,

1687 2464 1993 2536 praedicata
2021 2469 2108 2521 est
2141 2464 2555 2534 misericordia,
2585 2481 2711 2535 quae
2738 2464 2851 2521 sal·

1685 2545 1844 2592 varet
1872 2535 2259 2607 confugientes
2286 2536 2362 2592 ad
2392 2552 2539 2605 eam,
2573 2542 2633 2592 ut
2674 2552 2850 2593 excae·

1685 2613 1842 2664 caret
1877 2608 2216 2676 refutanteS,
2260 2607 2492 2663 mittens
2529 2609 2739 2663 Gentes
2775 2606 2850 2663 ad

1684 2678 2126 2750 promissionem
2153 2679 2503 2747 Judaeorum,
2529 2683 2592 2734 ut
2615 2676 2721 2747 ipsi
2753 2680 2855 2734 Ju-

1685 2750 1795 2806 daei
1853 2752 2056 2806 saltem
2137 2749 2501 2807 aemulatione
2581 2747 2852 2804 Gentium

1684 2823 2174 2878 converterentur.
2221 2824 2287 2878 Et
2336 2822 2456 2878 haec
2501 2823 2587 2874 est
2608 2818 2851 2875 altitudo

1686 2892 1906 2949 consilii
1960 2892 2082 2961 Dei,
2115 2909 2226 2965 quo
2276 2892 2421 2948 mira
2470 2889 2854 2959 Providentia,

1685 2965 1915 3021 Judaeos
1963 2969 2020 3021 et
2072 2965 2282 3022 Gentes
2310 2963 2533 3020 reduxit
2559 2963 2630 3018 ad
2660 2961 2854 3031 vitam,

400 3031 648 3088 cundum
680 3048 808 3101 noS,
845 3048 960 3089 non
996 3032 1305 3089 secundum
1336 3049 1415 3088 se.
1454 3034 1581 3089 Non
1687 3051 1860 3107 quam
1875 3051 2077 3094 omnes
2104 3035 2474 3108 perdiderant
2497 3034 2558 3091 in
2584 3034 2786 3091 Adam.

1508 3220 1787 3279 ORATIO.

471 3355 712 3412 Domine
751 3360 890 3438 =Iesu
936 3358 1178 3430 Christe,
1217 3363 1311 3431 qui
1345 3379 1451 3420 nos
1503 3365 1677 3420 verbo
1709 3368 1765 3419 et
1803 3364 2056 3435 exemplo
2083 3363 2405 3434 provocasti
2441 3364 2514 3418 ad
2545 3363 2860 3421 dolendum

395 3442 505 3554 fro
552 3433 815 3498 peccatis,
851 3434 907 3485 et
952 3430 1027 3486 ad
1056 3432 1447 3490 exsultandum
1476 3451 1580 3506 pro
1614 3434 1999 3505 spiritualibus
2051 3433 2215 3490 bonis
2245 3451 2259 3488 :
2293 3434 2367 3488 da
2423 3433 2562 3487 mihi
2613 3434 2864 3502 gratiam

419 3513 801 3570 acrymarum,
829 3505 901 3582 ‚et-
943 3504 1156 3583 terram
1186 3505 1376 3561 cordis
1404 3508 1515 3561 mei
1543 3505 1762 3562 aridam
1797 3505 2010 3587 irriguo
2040 3504 2254 3560 coelesti
2286 3505 2566 3570 foecunda,
2599 3509 2660 3558 ut
2691 3505 2860 3572 plan-

397 3584 531 3643 gam
563 3585 652 3626 me
688 3572 939 3641 quotidie
963 3589 1023 3628 in
1047 3573 1202 3629 omni
1234 3574 1348 3632 vita
1377 3593 1504 3634 mea
1535 3595 1548 3632 ε
1579 3577 1656 3631 ita
1686 3582 1750 3632 ut
1782 3577 2102 3632 efficiantur
2130 3574 2270 3631 mihi
2301 3575 2565 3645 lacrymae
2597 3589 2739 3628 meae
2764 3590 2866 3645 pa-

393 3656 501 3697 nes
538 3641 630 3697 die
659 3658 726 3723 ac
763 3647 950 3712 nocte,
989 3648 1046 3700 et
1095 3661 1259 3701 mens
1315 3664 1445 3706 mea
1500 3648 1677 3704 oblita
1720 3648 1983 3704 vanitatis
2022 3652 2077 3703 ct
2126 3645 2395 3716 miseriae,
2428 3645 2627 3701 ardeat
2666 3644 2727 3699 in
2758 3648 2863 3702 tuo

398 3727 595 3770 amore
627 3730 640 3768 z
699 3719 780 3770 lta
816 3721 896 3784 ut,
942 3715 1201 3772 saltando
1233 3719 1306 3774 ad
1357 3721 1509 3777 bona
1539 3735 1713 3791 opera
1741 3726 1798 3775 et
1828 3721 1902 3776 ad
1935 3720 2132 3776 laudes
2162 3717 2265 3776 Dei
2303 3718 2679 3786 assurgendo,
2709 3732 2863 3772 nunc

393 3785 676 3840 exsultem
703 3784 767 3841 in
795 3801 917 3858 spe,
949 3791 1006 3844 et
1032 3788 1267 3846 tandem
1296 3806 1523 3864 semper
1550 3796 1607 3848 te
1650 3791 1962 3863 laudand0,
1992 3796 2182 3848 tecum
2243 3790 2525 3861 gaudeam
2558 3787 2682 3845 sine
2719 3787 2860 3843 fine.

396 3855 608 3913 Amen.
