3146 5023
748 442 830 495 DE
890 443 1981 510 CONSOLATIONE'DISCIPULORUM,
2040 449 2188 509 ETG.
2648 456 2713 509 73

236 544 552 602 tendentes
601 543 829 615 placere
873 545 992 601 Deo
1049 550 1105 603 et

227 988 348 1029 non
377 970 515 1027 erit.
549 992 579 1021 υ
608 973 680 1026 Ut
706 978 897 1027 autem
923 972 1005 1028 ait
1026 975 1423 1044 Hieronymus:

229 1062 259 1095 ι(
296 1045 558 1099 Tantum
600 1042 800 1098 virtuti
842 1043 1103 1114 adJicieS,
1149 1052 1426 1115 quantum

227 1113 515 1170 voluntati
537 1113 788 1184 propriae
809 1115 1183 1183 subtraxeris3
1211 1122 1270 1173 tu
1287 1134 1425 1189 ergo

225 1201 346 1242 non
378 1185 647 1240 confidas
673 1185 732 1239 in
760 1183 1115 1242 orationibus
1148 1193 1203 1242 et
1233 1189 1424 1259 operi-

224 1257 338 1313 bus
368 1255 639 1327 privatis„
679 1262 1006 1328 contempto
1039 1258 1307 1314 mandato
1335 1274 1427 1315 su-

219 1326 501 1399 perioris·
536 1348 564 1375 »
596 1325 759 1396 Quia,
797 1331 858 1382 ut
887 1327 1024 1384 dicit
1050 1329 1419 1397 Auyustinus,

221 1397 401 1455 citius
433 1398 736 1453 exauditur
761 1414 879 1453 una
903 1399 1088 1455 oratio
1144 1400 1422 1457 obedien-

217 1470 324 1539 tis,
381 1478 543 1523 ‘uam
569 1469 762 1524 decem
791 1468 971 1525 millia
995 1472 1420 1543 contemptoris·

220 1541 296 1597 Et
344 1486 513 1608 isdeo,
547 1544 610 1595 ut
649 1539 783 1595 dicit
823 1542 1156 1606 Ber-nardus,
1207 1544 1423 1613 grande

219 1611 459 1673 malum
509 1615 594 1666 est
624 1626 728 1692 pro
772 1610 858 1668 ria
893 1614 1178 1681 voluntaS,
1211 1630 1321 1684 qua
1358 1615 1426 1669 fit

219 1688 286 1739 ut
304 1684 475 1740 bona
494 1687 594 1737 tua
610 1683 711 1738 ubi
772 1698 886 1738 ona
906 1700 1018 1739 non
1037 1683 1169 1739 sint.
1187 1686 1423 1751 Quando

224 1770 369 1810 vero
399 1752 687 1822 magiam
711 1754 941 1822 quando
973 1753 1159 1810 minus
1190 1755 1422 1811 merito-

221 1825 313 1881 ria
346 1824 426 1880 sit
467 1823 818 1892 obedientia,
852 1825 1101 1882 ostendit
1131 1827 1424 1895 Greyorius

220 1895 464 1952 dicens:
502 1917 532 1946 «
567 1895 905 1951 Obedientia
932 1896 1262 1967 aliquand0,
1286 1898 1330 1953 si
1354 1898 1423 1953 de

222 1984 331 2024 suo
375 1964 606 2036 aliquid
665 1967 896 2036 habeat,
950 1970 1107 2023 nulla
1159 1975 1274 2037 est;
1326 1968 1426 2024 ali-

223 2038 478 2111 quando
508 2036 794 2105 autem,si
822 2039 894 2094 de
929 2055 1030 2094 suo
1061 2038 1276 2109 aliquid
1308 2055 1425 2095 non

215 2111 468 2177 habeat,
537 2108 795 2164 minima.
854 2111 1018 2177 Nam,
1073 2126 1203 2165 cum
1253 2111 1425 2181 hujus

220 2180 436 2238 mundi
498 2195 798 2235 successus
881 2180 1226 2253 praecipitur,
1297 2197 1425 2237 cum

223 2253 394 2309 locus
446 2250 713 2321 superior
748 2249 1090 2322 imperatum
1120 2252 1169 2307 is
1205 2252 1299 2324 qui
1353 2252 1425 2307 ad

225 2319 615 2393 percipienda
654 2321 776 2376 haec
821 2322 1034 2390 obedit,
1084 2322 1424 2379 obedientiae

220 2393 335 2449 sibi
408 2392 686 2446 virtutem
748 2398 1004 2459 evacuat,
1069 2392 1115 2449 si
1175 2395 1246 2450 ad
1300 2392 1425 2450 haec

222 2465 411 2522 etiam
470 2478 538 2519 ex
575 2461 805 2534 proprio
841 2464 1124 2521 desiderio
1153 2466 1421 2523 anhelat:

221 2551 423 2608 neque
461 2534 615 2590 enim
671 2551 731 2590 se
777 2537 880 2591 sub
916 2536 1243 2593 obedientia
1283 2536 1422 2591 diri-

147 2669 160 2680 ,
217 2608 326 2678 git,
360 2605 467 2677 qui
499 2606 575 2660 ad
605 2604 970 2676 percipienda
1016 2608 1183 2679 hujus
1227 2607 1423 2664 mundi

216 2692 515 2750 prospera
546 2675 773 2733 libidini
803 2678 1049 2750 propriae
1093 2679 1424 2735 ambitionis

214 2749 423 2806 servit.
474 2749 743 2816 Rursum,
795 2765 923 2804 cum
974 2750 1169 2806 mundi
1222 2752 1422 2833 despe-

217 2827 349 2877 ctus
382 2818 741 2891 praecipitur,
776 2835 904 2875 cum
932 2823 1144 2892 probra
1182 2820 1421 2893 adipisci

220 2897 280 2948 et
309 2889 690 2947 contumeliae
714 2892 1027 2961 jubentur3
1070 2892 1178 2947 nisi
1207 2895 1325 2949 baec
1356 2909 1423 2948 ex

219 2961 550 3031 semetipso
595 2959 820 3016 animus
855 2968 1105 3033 appetat,
1146 2963 1421 3019 obedien-

216 3033 320 3089 tiae
374 3031 491 3087 sibi
546 3031 813 3087 meritum
847 3033 1070 3100 minuit,
1104 3034 1199 3104 qui
1238 3036 1310 3090 ad
1354 3049 1423 3090 ea

216 3121 355 3175 quae
390 3102 453 3157 in
483 3104 594 3157 hac
623 3101 740 3158 vita
769 3104 1040 3175 despecta
1078 3111 1232 3166 sunt,
1273 3104 1419 3159 invi-

220 3183 323 3232 tus
356 3173 679 3243 nolensque
710 3174 1021 3230 descendit.
1055 3176 1233 3230 Debet
1284 3191 1420 3247 ergo

224 3242 570 3303 obedientia
608 3249 664 3298 et
701 3243 762 3300 in
791 3245 1046 3301 adversis
1085 3263 1149 3301 ex
1183 3263 1285 3303 suo
1312 3246 1420 3301 ali-

222 3316 373 3388 quid
406 3316 647 3378 habere,
679 3321 734 3371 et
764 3333 990 3372 rursum
1030 3316 1088 3372 in
1129 3316 1420 3388 prosperis

223 3404 295 3444 ex
325 3403 439 3444 suo
479 3385 697 3457 aliquid
734 3387 965 3443 omnino
1006 3404 1119 3444 non
1156 3388 1368 3444 habere
1403 3405 1417 3444 ε

225 3463 523 3529 quatenus
547 3457 603 3511 in
635 3458 887 3515 adversis
919 3464 1073 3514 tanto
1106 3459 1177 3514 sit
1207 3459 1418 3528 glorio·

230 3530 382 3597 sior,
423 3533 642 3598 quanto
680 3528 874 3585 divino
914 3529 1101 3585 ordini
1134 3530 1301 3585 etiam
1356 3546 1424 3586 ex

231 3617 342 3656 suo
361 3599 654 3655 desiderio
678 3600 966 3671 Jungitur3
988 3605 1044 3656 et
1059 3600 1116 3655 in
1137 3601 1424 3672 prosperis

221 3676 397 3726 tanto
452 3670 525 3724 sit
565 3674 770 3735 verior,
807 3675 1018 3742 quanto
1061 3687 1096 3728 a
1153 3672 1420 3742 praesenti

217 3742 354 3814 ipsa
385 3755 564 3812 quam
618 3741 892 3798 divinitus
939 3742 1180 3813 percipit
1214 3743 1419 3814 gloria,

221 3812 498 3869 funditus
530 3828 595 3867 ex
637 3816 829 3869 mente
860 3830 918 3869 se
963 3819 1205 3870 aratur:
1235 3835 1263 3864 »
1300 3816 1419 3870 haec

223 3885 559 3951 Gregorius.
588 3885 656 3939 Ut
684 3888 874 3940 autem
940 3885 1034 3940 icit
1064 3887 1417 3941 Bernardus:

221 3977 255 4007 «
309 3954 450 4011 Tria
510 3954 737 4011 vincula
791 3956 962 4012 debet
1010 3957 1226 4012 habere
1286 3973 1424 4012 vera

225 4025 589 4094 obedientia,
638 4025 901 4082 videlicet
932 4044 947 4083 t
982 4027 1331 4084 celeritatem
1363 4027 1422 4083 in

219 4097 487 4170 jussione
523 4138 538 4164 ,
588 4098 1007 4168 jucunditatem
1068 4099 1129 4154 in
1195 4100 1419 4168 labore,

228 4168 729 4240 perseverantiam
810 4169 868 4224 in
956 4170 1145 4241 operis
1222 4186 1421 4226 execu-

234 4240 418 4295 tione.
475 4260 508 4290 »
560 4240 849 4306 Quantum
886 4257 1021 4298 vero
1078 4242 1289 4297 bonum
1350 4241 1423 4295 sit

230 4310 591 4380 obedientia,
621 4317 674 4366 et
718 4323 839 4382 per·
863 4313 1206 4384 oppositum,
1240 4328 1419 4383 quan-

230 4397 357 4447 tum
421 4382 639 4439 malum
702 4382 1111 4454 inobedientia,
1171 4382 1422 4442 ostendit

266 615 539 684 roximiS,
592 616 691 672 sed
726 615 1061 673 satisfacere
1101 547 1432 691 nffligiissi?

323 690 374 743 ic
423 689 720 743 contraria
774 687 987 744 caritas
1037 694 1143 758 est,
1175 706 1303 762 quae
1345 697 1430 748 est

226 760 402 816 Deus.
435 758 587 824 Quid
621 756 772 813 enim
805 757 946 825 odit,
974 764 1071 815 aut
1099 761 1233 831 quid
1266 762 1431 844 punit

233 832 415 898 DeuS,
446 836 666 901 praeter
703 830 1061 886 voluntatem
1089 836 1430 903 propriam?

230 902 429 958 Cesset
462 900 731 955 voluntas
782 902 1038 972 propria,
1073 908 1128 957 et
1168 903 1429 961 infernus

1545 553 1920 619 Auyustinus,
1952 548 2150 606 dicens
2176 567 2190 607 ε
2227 572 2258 603 «
2291 553 2544 611 Pet-secte
2572 556 2720 613 Deus

1544 621 1948 692 evidenterque
1981 621 2319 680 monstravit
2346 631 2620 694 quantum
2647 624 2722 684 sit

1543 693 1756 749 bonum
1787 692 2130 762 obedientia,
2162 709 2288 750 cum
2328 695 2620 754 hominem
2656 697 2720 755 in

1541 763 1807 834 paradiso
1832 764 2077 835 positum
2113 765 2183 819 ab
2215 781 2283 820 ea
2315 782 2375 821 re
2402 767 2712 848 prohibuit,

1542 850 1669 904 quae
1697 850 1807 890 non
1829 840 1949 891 erat
1978 835 2146 891 mala.
2182 839 2312 892 Sola
2340 836 2414 893 ibi
2447 838 2719 896 obedien-

1541 905 1621 961 tia
1649 905 1830 988 potuit
1881 912 2078 962 tenere
2122 909 2392 988 palmam,
2424 911 2548 967 sola
2589 912 2717 968 ino-

1538 976 1826 1033 bedientia
1871 970 2070 1032 incidit
2122 995 2178 1032 in
2211 995 2460 1049 poenam.
2490 1003 2519 1031 »
2553 981 2714 1040 Unde

1541 1053 1598 1104 et
1622 1049 1935 1103 Ber-nardus
1963 1048 2043 1103 sic
2076 1049 2244 1104 habet
2274 1067 2288 1104 ι
2327 1073 2355 1101 «
2383 1053 2712 1111 inobedien-

1539 1117 1620 1174 tia
1660 1122 1841 1175 Deum
1889 1120 2145 1186 offendit,
2192 1121 2426 1191 angelos
2474 1123 2710 1193 alienat,

1539 1189 1692 1261 ejicit
1721 1206 1756 1245 a
1792 1189 2190 1246 communione
2236 1196 2596 1257 Sanctorum,
2626 1193 2714 1249 vi-

1538 1265 1656 1316 tam
1692 1265 1964 1316 aeternam
2005 1260 2233 1327 amittit,
2270 1263 2540 1331 gaudium
2580 1262 2716 1320 facit

1537 1331 1917 1397 daemonibus,
1966 1338 2242 1386 aeternum
2281 1341 2532 1387 meretur
2579 1349 2712 1406 sup-

1578 1402 1788 1457 licium.
1810 1424 1834 1450 »
1858 1404 1925 1457 Et
1945 1400 2148 1456 iterum
2175 1418 2188 1455 ε
2216 1422 2241 1452 «
2263 1404 2382 1457 Non
2405 1402 2561 1458 dabit
2581 1403 2715 1461 ino·

1535 1419 1790 1529 Bediemi
1821 1471 2038 1542 copiam
2053 1471 2156 1536 ,sui
2177 1478 2368 1527 tantus
2393 1476 2721 1533 amatorob-

1538 1542 1821 1610 edientiae,
1845 1541 1943 1612 qui
1981 1541 2174 1597 maluit
2204 1542 2347 1597 mori
2388 1559 2554 1613 quam
2592 1562 2711 1603 non

1538 1614 1794 1682 obedire,
1827 1618 1885 1669 et
1914 1629 1983 1668 ne
2015 1613 2280 1684 perderet
2307 1615 2708 1687 obedientiam,

1535 1684 1784 1758 perdidit
1818 1683 1990 1739 vitam
2029 1701 2042 1740 ε
2074 1709 2098 1730 ι»
2136 1685 2258 1739 baec
2282 1687 2618 1745 Ber-nardus.

1610 1762 1641 1811 6
1669 1758 1931 1812 Cmusws
1960 1758 2276 1811 Arosronos
2305 1775 2374 1812 Ao
2405 1773 2708 1814 mmmcm-

1536 1845 1648 1884 nuu
1701 1845 1926 1883 mmus
1977 1845 2305 1884 sem-mpsim
2354 1847 2435 1883 ms
2493 1846 2708 1885 ruis-nm

1537 1916 1841 1955 Exeurmu.
1875 1929 1944 1939 —
1971 1901 2104 1956 Cum
2126 1915 2261 1969 ergo
2285 1905 2711 1957 consummasset

1498 1986 1503 1989 ·
1537 1970 1813 2027 Dominus
1858 1972 2034 2032 Iesus,
2081 1986 2374 2026 sermones
2410 1972 2714 2058 praedictos

1532 2045 1861 2113 praecipiens
1911 2042 2194 2095 duodecim
2236 2043 2530 2111 discipulis
2572 2059 2712 2108 suis,

1539 2112 1770 2167 modum
1800 2111 2012 2167 scilicet
2040 2109 2383 2181 praedicandi
2409 2118 2465 2166 et
2490 2112 2715 2169 vivendi

1538 2182 1893 2254 praedictum,
1920 2185 2147 2241 transiit
2176 2183 2324 2244 inde,
2348 2188 2406 2235 ut
2431 2184 2641 2238 doceret
2665 2187 2719 2239 et

1532 2253 1865 2324 praedicaret
1894 2257 1952 2306 in
1982 2253 2312 2307 civitatibus·
2329 2266 2529 2311 eorum.
2559 2251 2715 2310 scili·

1539 2330 1629 2380 cet
1645 2323 2070 2395 discipulorum,
2096 2339 2336 2393 quarum
2363 2322 2716 2381 domininon

1539 2399 1722 2462 erant,
1747 2397 1846 2450 sed
1876 2394 1933 2449 in
1982 2394 2187 2466 quibus
2223 2393 2335 2450 nati
2365 2394 2450 2450 vel
2490 2395 2708 2453 enutri-

1540 2466 1604 2535 ti,
1637 2482 1739 2523 seu
1773 2465 1971 2523 morati
2013 2468 2270 2535 t'uerant3
2330 2468 2435 2524 boc
2481 2472 2568 2523 est
2615 2470 2705 2538 ut,

1538 2538 1873 2609 praedicaret
1936 2539 2168 2606 Judaeis,
2231 2538 2436 2609 quibus
2499 2539 2707 2595 missus

1538 2616 1683 2665 erat.
1741 2609 2064 2665 Praedicans
2110 2609 2302 2679 itaque
2347 2609 2557 2664 ibidem
2604 2612 2708 2665 Ju-

1539 2680 1699 2749 daeis,
1719 2697 1833 2736 non
1864 2679 2258 2748 SamaritaniS,
2279 2695 2391 2734 non
2414 2678 2709 2751 Gentibus,

1536 2752 1669 2808 fecit
1723 2751 1874 2822 quod
1915 2751 2187 2807 docuerat
2211 2749 2290 2806 'et
2341 2750 2710 2812 mandaverat

1538 2822 1851 2893 discipuliS,
1899 2827 1979 2882 ut,
2040 2822 2353 2877 secundum
2403 2821 2708 2891 promissa,

1537 2892 1697 2964 prius
1725 2893 2028 2947 offerretur
2063 2892 2277 2948 Judaeis
2310 2890 2535 2945 occasio
2568 2891 2715 2945 salu-

1539 2963 1632 3019 tis.
1657 2961 1758 3016 Hic
1802 2977 1938 3031 ergo
1982 2961 2080 3015 dat
2128 2960 2438 3030 majoribus
2462 2959 2713 3028 praelatis

1539 3032 1880 3103 exemplum,
1915 3035 1975 3085 ut
2005 3030 2107 3100 ipsi
2135 3029 2444 3108 praedicare
2478 3044 2593 3083 non
2617 3029 2714 3084 de-

1539 3103 1753 3171 sinant,
1803 3101 2061 3172 quamvis
2108 3099 2251 3156 alios
2299 3098 2587 3156 dest1nent
2636 3099 2711 3160 ad

1537 3175 1960 3247 praedicandum
1985 3189 1999 3240 3
2027 3188 2121 3240 ne,
2141 3170 2269 3228 aliis
2298 3170 2710 3243 laborantibuS,

1537 3245 1705 3302 otiosi
1762 3246 1923 3312 fiant,
1972 3248 2029 3299 et
2081 3246 2358 3300 bonorum
2399 3243 2713 3312 gloriosum

1537 3318 1784 3372 fructum
1807 3316 1888 3371 sic
1917 3316 2157 3387 perdant
2206 3315 2338 3383 Sed,
2361 3315 2507 3371 heu!
2537 3315 2709 3373 hodie

1538 3387 1700 3444 multi
1730 3387 1949 3458 praelati
1981 3386 2223 3444 vicarios
2256 3402 2366 3442 non
2393 3388 2707 3460 adjutores,

1537 3466 1819 3531 quaeruut,
1874 3465 1929 3515 et
1973 3460 2263 3531 quiescere
2304 3475 2417 3518 non
2457 3460 2709 3516 collabo-

1536 3546 1687 3599 rare,
1719 3533 1944 3599 volunt3
1978 3532 2277 3603 opinantes
2306 3530 2455 3600 quod
2485 3531 2567 3586 sic
2592 3546 2711 3586 suae

1538 3605 1595 3662 et
1624 3603 1979 3658 subditorum
2017 3619 2222 3658 aniuiae
2254 3601 2615 3670 requiescant
2647 3599 2709 3654 in

1578 3689 1695 3731 ace.
1731 3677 1870 3739 lm0,
1905 3674 2053 3741 quod
2098 3687 2255 3741 pejus
2289 3678 2388 3725 est,
2429 3672 2574 3749 prob
2604 3668 2707 3724 do-

1559 3745 1659 3799 orl
1693 3742 2190 3814 praedicationibus
2208 3740 2454 3807 omissiS,
2477 3738 2713 3809 quidam

1536 3823 1740 3870 vacant
1764 3812 1984 3884 guerris
2015 3818 2071 3866 et
2095 3810 2319 3882 pugnis,
2344 3817 2397 3864 et
2431 3809 2525 3878 qui
2564 3822 2712 3879 prae-

1536 3884 1780 3940 dicando
1819 3883 2095 3937 deberent
2133 3880 2355 3935 animas
2394 3878 2710 3948 vivificare,

1539 3969 1777 4027 guerras
1807 3951 2064 4008 faciendo
2107 3967 2221 4005 nun
2253 3949 2452 4004 timent
2502 3954 2559 4004 et
2587 3964 2714 4004 cor·

1538 4041 1680 4098 pora
1711 4030 1764 4079 et
1791 4022 2015 4080 animas
2045 4019 2358 4090 perimere;
2394 4023 2449 4074 et
2489 4019 2591 4088 sic,
2622 4019 2711 4075 lo-

1537 4097 1613 4152 tis
1643 4095 1992 4151 extrinsecus
2029 4089 2310 4160 manibus,
2339 4090 2439 4147 sed
2477 4090 2712 4162 pollutis

1539 4167 1885 4224 intrinsecus
1916 4162 2180 4220 cordibus
2234 4162 2306 4217 ad
2340 4166 2521 4219 altare
2549 4177 2710 4219 acce-

1539 4240 1694 4296 dere.
1732 4236 1833 4295 Ubi
1866 4238 2316 4306 chrysostomus:
2352 4255 2382 4286 «
2413 4236 2549 4292 Cum
2578 4249 2714 4291 con-

1540 4315 1884 4367 summasset
1909 4311 2073 4366 J‹·sus
2103 4305 2441 4377 proecipiens
2467 4306 2711 4378 discipu-

1538 4382 1609 4440 lis
1663 4381 1801 4452 suis,
1836 4380 1970 4438 exiit
2018 4379 2092 4436 ad
2131 4378 2579 4451 praedicandum,
2610 4395 2707 4450 ne,
