3146 5023
446 350 606 402 DoM.
664 350 1046 403 EXCITATUS
1098 351 1136 403 A
1186 351 1403 404 SOMNO
1457 352 1749 405 IMPERAT
1802 352 2047 405 VENTIS
2101 353 2179 405 BT
2232 350 2428 405 MARI.
2581 346 2667 404 '11

218 462 272 513 et
310 455 400 512 fac
450 472 541 512 me
571 472 773 511 verum
820 461 880 512 et
920 455 1148 511 fidelem
1196 462 1356 512 tuum
1384 457 1722 528 discipulum
1751 475 1770 528 3
1816 464 1873 515 ct
1899 456 2020 513 sine
2049 457 2277 514 fictione
2305 456 2466 527 sequi
2493 462 2549 512 te
2576 473 2671 513 ve·

216 543 400 583 racem
446 526 803 599 Magistrum.
862 529 947 583 Da
999 528 1169 583 etiam
1226 529 1390 600 nihil,
1449 534 1515 585 ut
1570 535 1802 599 propter
1851 529 2139 586 carnalem
2185 542 2672 599 quorumcumque

218 598 518 654 affectuum
573 604 629 653 te
680 596 846 669 sequi
886 614 1004 653 non
1051 598 1331 669 differam,
1371 604 1429 655 et
1478 599 1665 655 minus
1696 601 1909 656 bonum
1946 599 2150 670 majori
2197 615 2309 654 non
2353 600 2671 668 prael’eram.

217 671 423 725 Praesta
451 670 617 733 mihi,
651 670 893 725 Domine
932 671 1084 724 Deus
1126 686 1310 738 meuS,
1359 686 1429 726 ne
1459 672 1533 726 ad
1578 676 1831 727 aratrum
1878 672 2218 743 poenitcntiae
2266 685 2500 726 manum
2540 670 2673 724 mit·

218 744 351 804 tenS,
395 746 453 795 et
483 745 542 795 te
575 742 740 812 sequi
773 756 876 811 per
907 739 1160 795 melioris
1189 742 1321 797 vitae
1356 746 1566 797 statum
1603 757 1948 812 proponens,
1979 743 2283 812 respiciam
2316 750 2490 807 retro,
2520 739 2673 795 facto

216 812 295 866 vel
324 812 650 882 propositO,
683 812 757 867 ad
787 816 1003 867 statum
1045 812 1346 882 pristinum
1377 813 1691 885 redeundo,
1731 818 1798 869 ut
1825 830 1942 871 non
1982 812 2200 871 efficiar
2236 813 2462 884 ineptus
2491 825 2670 884 regno

214 882 309 939 Dei
338 882 777 954 consequendo,
804 885 1012 938 Amen.

1186 1200 1458 1273 CAPUT
1507 1202 1713 1275 XLVI

416 1403 497 1447 DE
539 1401 614 1448 ΕΟ
661 1401 822 1454 QUOD
869 1400 1136 1447 DOMINUS
1177 1402 1519 1448 EXCITATUS
1559 1401 1883 1448 fflPERAVIT
1920 1402 2134 1447 VENTIS
2175 1402 2253 1446 ΕΤ
2294 1401 2461 1446 mim.

1147 1578 1398 1635 Matthaei
1426 1594 1552 1651 cap.
1581 1579 1726 1638 VIII.

276 1836 297 1870 1
358 1812 639 1869 Caius-rus
677 1828 900 1882 nomn-r,
943 1830 1054 1869 mm
1094 1831 1283 1871 vmms
1330 1831 1396 1870 ar

203 1901 501 1943 FLUCTIBUS
534 1901 804 1947 Quum-un
832 1902 1118 1948 NAvlcuLA.
1160 1917 1221 1926 -
1265 1889 1397 1942 Post

200 1958 324 2014 baec
353 1956 640 2012 Dominus
660 1954 692 2013 J
698 1972 846 2025 esuS,
866 1956 1156 2013 dimittens
1173 1957 1391 2021 turbas,

198 2028 466 2085 ascendit
492 2042 624 2081 sero
652 2028 709 2081 in
731 2027 1071 2097 naviculam,
1105 2028 1177 2084 ad
1203 2034 1392 2083 trans-

200 2101 463 2156 eundum
497 2097 686 2152 lacum
718 2098 1089 2168 Genezareth,
1123 2106 1186 2153 ut
1216 2099 1274 2154 in
1304 2099 1388 2153 lo-

201 2186 334 2227 cum
367 2173 684 2238 remotum,
726 2185 826 2239 pro
869 2176 958 2223 ter
986 2186 1179 2226 causas
1219 2186 1392 2240 supra

199 2243 258 2298 in
296 2239 597 2314 principio
633 2254 812 2308 praece
856 2241 1002 2295 entis
1040 2241 1267 2311 capituli
1302 2242 1390 2296 di-

200 2319 342 2383 ctaS,
375 2325 512 2368 cum
535 2309 819 2380 discipulis
841 2312 970 2368 iret.
988 2313 1058 2367 Ut
1078 2313 1231 2367 enim
1254 2313 1393 2368 dicit

200 2385 547 2450 Remiqius:
602 2399 631 2433 «
675 2383 807 2438 Tria
855 2382 1064 2453 legitur
1117 2384 1409 2439 Dominus-

202 2456 483 2513 habuisse
511 2452 749 2525 refugia,
783 2452 999 2509 scilicet
1026 2454 1205 2525 naviS,
1236 2469 1393 2509 mon-

202 2527 275 2584 tis
322 2531 387 2583 et
431 2525 680 2596 deserti3
734 2527 1071 2595 etwquoties
1123 2542 1156 2580 a
1211 2526 1393 2581 turbis

205 2596 724 2668 comprimebatur,
782 2597 851 2651 ad
881 2596 1113 2666 aliquod
1153 2597 1389 2652 istorum

203 2667 615 2739 refugiebat.»
677 2667 783 2723 Ubi
836 2667 1135 2735 Origenes:
1182 2689 1203 2718 ι
1249 2668 1389 2723 Cum

202 2741 396 2797 multa
450 2753 663 2809 magna
713 2744 768 2793 et
811 2737 1073 2794 miranda
1122 2740 1394 2795 Dominus

206 2808 558 2868 ostendisset
581 2808 640 2863 in
657 2814 832 2877 terra,
857 2808 1085 2865 transiit
1112 2810 1182 2865 ad
1211 2825 1391 2878 mare,

207 2887 275 2939 ut
326 2881 411 2936 ibi
464 2880 800 2935 excellentia
821 2895 994 2950 opera
1034 2880 1394 2938 demonstra-

207 2957 345 3022 ret3
379 2956 663 3022 quatenus
681 2955 851 3006 terrae
879 2951 1165 3022 marisque
1196 2950 1392 3006 Domi-

208 3039 359 3080 num
410 3038 472 3078 se
503 3021 847 3077 ostenderet.
883 3040 911 3074 »
957 3024 1030 3077 Et
1075 3023 1399 3077 ascendente

210 3111 272 3152 eo
302 3098 369 3150 in
413 3094 753 3161 naviculam,
801 3096 975 3149 secuti
1004 3097 1133 3149 sunt
1158 3109 1278 3148 eum
1314 3093 1402 3147 di-

209 3167 426 3237 scipuli
491 3164 641 3233 ejuS,
701 3164 1129 3221 transfretantes
1183 3163 1402 3219 scilicet

212 3253 349 3295 cum
376 3253 467 3298 ec.
499 3251 615 3290 non
646 3240 865 3291 tantum
904 3250 1127 3308 gressus
1153 3250 1398 3306 sequen-

212 3313 320 3378 tes,
373 3306 475 3363 sed
507 3306 685 3376 magis
718 3307 1076 3362 sanctitatem
1122 3305 1404 3364 concomi-

213 3385 426 3436 tantes.
461 3379 647 3435 secuti
673 3378 901 3448 quidem
927 3381 1057 3434 sunt
1071 3393 1211 3442 eum,
1267 3377 1403 3447 quia

212 3450 599 3506 trahebantur
633 3448 908 3504 suavitate
940 3450 1218 3505 sermonis
1256 3449 1401 3517 ejus,

215 3527 275 3578 ct
336 3520 716 3576 admiratione
770 3520 977 3590 operis,
1032 3527 1090 3575 et
1152 3520 1401 3589 benigna

218 3592 656 3647 conversatione
683 3588 856 3660 ipsius
881 3608 900 3661 3
942 3592 1020 3646 ita
1054 3596 1115 3646 ut
1145 3597 1292 3647 esset
1321 3587 1402 3643 eis

223 3660 460 3719 difficile
513 3662 693 3730 ipsum
758 3661 1103 3733 relinquere.
1160 3666 1235 3718 Et
1287 3674 1403 3715 ecce

221 3737 402 3789 motus
454 3748 710 3800 maqnus,
778 3737 841 3787 ut
878 3735 1060 3805 majus
1101 3735 1403 3804 appareret

221 3804 587 3870 miraculum,
643 3806 829 3870 factus
878 3809 1044 3860 estin
1070 3807 1236 3871 mari,
1286 3816 1404 3858 non

222 3875 567 3930 naturaliter
615 3881 673 3929 et
701 3890 766 3929 ex
792 3890 873 3944 se,
911 3877 1013 3931 sed
1048 3875 1257 3932 Christi
1289 3875 1419 3929 im·

224 3946 385 4017 perio
419 3950 479 3999 et
507 3946 714 4000 virtute
742 3960 758 4014 3
788 3948 872 4000 ita
897 3951 959 4001 ut
988 3948 1248 4002 navicula
1276 3961 1402 4017 ope-

220 4018 453 4085 riretur,
511 4014 731 4070 scilicet
772 4016 913 4085 fere,
948 4019 1205 4087 fiuctibus
1235 4019 1404 4073 inun-

222 4087 519 4144 dantibus,
542 4088 607 4141 Et
627 4086 774 4142 bene
795 4087 931 4143 dicit
946 4092 1270 4159 operiretur,
1285 4103 1405 4144 non

219 4158 694 4232 submergeretur
730 4175 745 4215 :
822 4159 915 4214 uia
952 4160 1213 4216 navicula
1252 4158 1405 4214 Petri

220 4229 458 4286 concuti
482 4234 686 4300 potest,
712 4244 770 4284 se
841 4229 1131 4304 submergi
1149 4246 1266 4287 non
1286 4234 1406 4300 pot-

216 4305 325 4373 est,
354 4301 519 4372 cujus
538 4301 727 4374 figura
749 4301 810 4357 in
838 4316 974 4358 arca
992 4304 1108 4359 Noe
1136 4304 1263 4360 fuit.
1283 4303 1408 4372 Ipse

1508 1831 1634 1872 vero
1655 1817 1963 1873 dormiebat
1989 1816 2045 1872 in
2077 1816 2268 1887 puppi,
2307 1814 2364 1871 id
2391 1820 2474 1873 est
2496 1814 2554 1870 in
2581 1829 2675 1885 po-

1509 1887 1734 1944 steriori
1785 1895 1945 1959 parte
1972 1889 2130 1943 navis
2160 1932 2173 1953 ,
2210 1888 2371 1957 juxta
2400 1887 2668 1943 taberna-

1506 1958 1717 2030 culum,
1746 1976 1915 2030 super
1937 1959 2174 2014 cervical
2190 1959 2464 2025 ligneum,
2482 1964 2671 2013 osten-

1506 2029 1667 2097 denS,
1687 2031 1998 2085 secundum
2026 2031 2485 2097 chrysostomum,
2512 2043 2670 2108 suam

1504 2100 1907 2156 humilitatem.
1941 2102 2053 2156 Nec
2093 2101 2299 2154 mirum
2334 2101 2380 2153 si
2422 2100 2670 2154 dormie-

1503 2171 1621 2240 bat,
1656 2172 1775 2242 ipse
1806 2172 1955 2226 enim
1999 2171 2240 2226 multum
2280 2170 2349 2224 de
2388 2174 2575 2236 nocte,
2609 2169 2666 2223 in

1501 2242 1850 2297 orationibus
1882 2240 2171 2313 vigilabat,
2212 2240 2565 2310 multumque
2603 2239 2671 2294 de

1502 2313 1615 2382 die,
1670 2314 1727 2368 in
1795 2312 2293 2383 praedicationibus
2355 2310 2669 2366 laborabat.

1499 2385 1817 2439 Dormiebat
1865 2385 2094 2455 quidem
2150 2398 2408 2452 corpore,
2450 2382 2547 2436 sed
2586 2382 2667 2436 vi-

1501 2455 1718 2529 gilabat
1744 2457 1973 2513 deitate.
2007 2455 2166 2511 Unde
2199 2454 2319 2525 ipse
2343 2454 2400 2508 in
2424 2451 2671 2528 Canticis

1503 2528 1686 2584 dicit:
1757 2532 1873 2594 qu
1937 2528 2185 2596 dormio,
2245 2531 2297 2582 et
2352 2541 2441 2580 cor
2494 2540 2670 2579 meum

1500 2600 1724 2668 vigilat.
1770 2598 1874 2654 Ubi
1906 2600 2360 2667 chrysostomus:
2423 2597 2673 2650 «Ascen-

1503 2671 1587 2724 dit
1633 2686 1864 2739 parvam
1897 2668 2238 2736 naviculam,
2272 2673 2333 2724 ut
2376 2667 2673 2737 navigaret

1502 2741 1597 2796 ille
1631 2742 1728 2813 qui
1781 2745 1962 2796 totum
2016 2741 2290 2796 mundum
2331 2738 2521 2794 divina
2559 2737 2669 2791 vir-

1500 2816 1624 2867 tute
1679 2812 1959 2882 gubernat
1989 2829 2003 2881 3
2038 2811 2250 2866 dormit
2276 2811 2336 2865 in
2385 2821 2671 2873 somnum,

1504 2882 1604 2953 qui
1656 2882 1924 2951 populum
1983 2897 2149 2936 suum
2199 2879 2394 2949 vigilia
2457 2882 2675 2931 aeterna

1507 2951 1842 3008 custodit.»
1905 2951 2095 3005 Voluit
2142 2956 2333 3004 autem
2402 2946 2675 3001 Dominus

1508 3019 1759 3078 dormire
1789 3019 2084 3087 multiplici
2113 3018 2181 3071 de
2212 3031 2379 3071 causa
2419 3032 2433 3070 ε
2471 3016 2671 3084 prima,

1510 3098 1571 3149 ut
1615 3091 1913 3147 veritatem
1960 3090 2227 3143 humanae
2264 3091 2482 3141 naturae
2524 3086 2584 3139 in
2616 3100 2675 3140 se

1510 3166 1926 3221 demonstraret
1973 3176 1987 3218 :
2047 3160 2105 3215 in
2166 3158 2452 3214 miraculis
2522 3157 2673 3213 enim

1510 3233 1718 3292 Christi
1764 3247 1987 3303 semper
2031 3232 2244 3302 aliquid
2297 3231 2542 3300 ponitur,
2604 3229 2675 3284 ad

1511 3305 1924 3362 ostendendum
1950 3305 2247 3360 veritatem
2282 3301 2675 3371 humanitatiS,

1512 3384 1569 3434 et
1593 3376 1808 3447 aliquid
1837 3376 1911 3432 ad
1939 3376 2349 3431 ostendendum
2380 3374 2673 3431 veritatem

1511 3447 1822 3505 divinitatis
1849 3464 1864 3516 3
1891 3448 2160 3517 secunda,
2188 3452 2249 3502 ut
2273 3445 2676 3518 discipulorum

1511 3520 1683 3576 fidem
1716 3520 2002 3590 probaret,
2032 3535 2145 3573 non
2173 3521 2324 3589 quod
2350 3517 2469 3587 ipse
2506 3515 2680 3572 corda

1511 3606 1710 3647 eorum
1738 3592 2049 3662 ignoraret,
2077 3590 2177 3645 sed
2229 3595 2290 3644 ut
2329 3590 2430 3658 ipsi
2467 3589 2680 3655 seipsos

1511 3667 1887 3734 agnoscerent
1909 3679 1929 3731 3
1951 3659 2141 3729 tertia,
2175 3666 2236 3714 ut
2270 3659 2529 3736 discipuli
2556 3669 2676 3709 ma-

1512 3734 1599 3804 gis
1616 3735 1902 3802 timerent,
1936 3736 1994 3787 et
2017 3733 2098 3786 sic
2128 3747 2225 3785 eos
2252 3731 2324 3784 ad
2362 3733 2678 3807 orationem

1515 3810 1891 3873 provocaret:
1937 3803 1984 3856 si
2035 3801 2209 3868 enim,
2237 3805 2298 3852 ut
2322 3805 2402 3852 ait
2453 3798 2682 3863 Chryso-

1510 3879 1741 3942 stomu3‚
1770 3889 1836 3927 eo
1863 3872 2158 3942 vigilante,
2199 3873 2505 3937 tempestas
2532 3870 2682 3920 t'acta

1513 3951 1677 4010 esset,
1701 3943 1929 4008 ,velnon
1960 3941 2304 4005 timuissent,
2332 3938 2421 3992 vel
2449 3952 2565 3991 non
2586 3950 2678 3989 ro-

1512 4020 1773 4087 gassent3
1808 4017 2035 4083 quarta,
2064 4017 2123 4064 ut
2148 4008 2443 4064 veritatem
2473 4007 2679 4062 divinae

1514 4090 1739 4141 naturae
1778 4089 1834 4138 et
1875 4097 2035 4137 suam
2085 4080 2398 4160 potentiam
2439 4080 2681 4134 demon-

1515 4162 1761 4226 straret,
1816 4169 1945 4226 quae
1984 4154 2164 4225 magis
2215 4152 2421 4207 claruit
2453 4151 2537 4205 ,in
2590 4165 2677 4223 e0,

1515 4228 1670 4300 quod
1688 4242 1820 4299 mox
1846 4224 2121 4282 excitatus
2147 4223 2446 4295 imperavit
2474 4223 2677 4294 ventu,

1515 4299 1615 4371 qui
1654 4300 1707 4355 ei
1741 4300 2038 4370 parebant.
2651 4311 2660 4320 '
