<?xml version="1.0" encoding="UTF-8"?>
<!DOCTYPE html PUBLIC "-//W3C//DTD XHTML 1.0 Transitional//EN"
    "http://www.w3.org/TR/xhtml1/DTD/xhtml1-transitional.dtd">
<html xmlns="http://www.w3.org/1999/xhtml" xml:lang="en" lang="en">
 <head>
  <title>
</title>
<meta http-equiv="Content-Type" content="text/html;charset=utf-8" />
  <meta name='ocr-system' content='tesseract 3.04.00' />
  <meta name='ocr-capabilities' content='ocr_page ocr_carea ocr_par ocr_line ocrx_word'/>
</head>
<body>
  <div class='ocr_page' id='page_1' title='image "./vitajesuchristi02rigogoog_0155.png"; bbox 0 0 3146 5023; ppageno 0'>
   <div class='ocr_carea' id='block_1_1' title="bbox 330 532 2768 719">
    <p class='ocr_par' dir='ltr' id='par_1_1' title="bbox 330 532 2768 719">
     <span class='ocr_line' id='line_1_1' title="bbox 501 532 2768 598; baseline 0.002 -7"><span class='ocrx_word' id='word_1_1' title='bbox 501 538 582 591; x_wconf 82' lang='lat' dir='ltr'><strong>m:</strong></span> <span class='ocrx_word' id='word_1_2' title='bbox 637 532 947 598; x_wconf 71' lang='lat' dir='ltr'><strong>onuuon</strong></span> <span class='ocrx_word' id='word_1_3' title='bbox 1000 534 1083 587; x_wconf 73' lang='lat' dir='ltr'><strong>An</strong></span> <span class='ocrx_word' id='word_1_4' title='bbox 1136 532 1411 595; x_wconf 78' lang='lat' dir='ltr'><strong>TURBAS,</strong></span> <span class='ocrx_word' id='word_1_5' title='bbox 1466 534 1543 586; x_wconf 77' lang='lat' dir='ltr'><strong>m·</strong></span> <span class='ocrx_word' id='word_1_6' title='bbox 1598 533 1839 590; x_wconf 77' lang='lat' dir='ltr'>TRIBUS</span> <span class='ocrx_word' id='word_1_7' title='bbox 1891 535 1976 589; x_wconf 79' lang='lat' dir='ltr'><strong>AD</strong></span> <span class='ocrx_word' id='word_1_8' title='bbox 2033 535 2277 591; x_wconf 72' lang='lat' dir='ltr'><strong>Dlscu‘.</strong></span> <span class='ocrx_word' id='word_1_9' title='bbox 2334 538 2579 593; x_wconf 72' lang='lat' dir='ltr'><strong>PARAB.</strong></span> <span class='ocrx_word' id='word_1_10' title='bbox 2682 542 2768 595; x_wconf 74' lang='lat'><strong>1⁴5</strong></span> 
     </span>
     <span class='ocr_line' id='line_1_2' title="bbox 330 638 2768 719; baseline -0 -15"><span class='ocrx_word' id='word_1_11' title='bbox 330 659 623 704; x_wconf 58' lang='lat' dir='ltr'><strong>messos</strong></span> <span class='ocrx_word' id='word_1_12' title='bbox 665 656 1085 700; x_wconf 66' lang='lat' dir='ltr'><strong>sonare-nonsit.</strong></span> <span class='ocrx_word' id='word_1_13' title='bbox 1121 668 1191 680; x_wconf 96' lang='lat'><strong>—</strong></span> <span class='ocrx_word' id='word_1_14' title='bbox 1221 640 1286 695; x_wconf 92' lang='lat' dir='ltr'><strong>ln</strong></span> <span class='ocrx_word' id='word_1_15' title='bbox 1328 638 1500 697; x_wconf 86' lang='lat' dir='ltr'><strong>tertia</strong></span> <span class='ocrx_word' id='word_1_16' title='bbox 1606 641 1779 697; x_wconf 87' lang='lat' dir='ltr'><strong>etiam</strong></span> <span class='ocrx_word' id='word_1_17' title='bbox 1805 640 2047 712; x_wconf 85' lang='lat' dir='ltr'><strong>abjecta,</strong></span> <span class='ocrx_word' id='word_1_18' title='bbox 2077 641 2179 697; x_wconf 86' lang='lat' dir='ltr'><strong>sed</strong></span> <span class='ocrx_word' id='word_1_19' title='bbox 2204 642 2410 698; x_wconf 87' lang='lat' dir='ltr'><strong>virtute</strong></span> <span class='ocrx_word' id='word_1_20' title='bbox 2430 650 2515 700; x_wconf 90' lang='lat' dir='ltr'><strong>est</strong></span> <span class='ocrx_word' id='word_1_21' title='bbox 2534 661 2768 719; x_wconf 86' lang='lat' dir='ltr'><strong>magna;</strong></span> 
     </span>
    </p>
   </div>
   <div class='ocr_carea' id='block_1_2' title="bbox 331 710 1496 789">
    <p class='ocr_par' dir='ltr' id='par_1_2' title="bbox 331 710 1496 789">
     <span class='ocr_line' id='line_1_3' title="bbox 331 710 1496 789; baseline -0.009 -14"><span class='ocrx_word' id='word_1_22' title='bbox 331 717 621 789; x_wconf 87' lang='lat' dir='ltr'><strong>parabola,</strong></span> <span class='ocrx_word' id='word_1_23' title='bbox 656 729 783 786; x_wconf 83' lang='lat' dir='ltr'><strong>quae</strong></span> <span class='ocrx_word' id='word_1_24' title='bbox 821 717 906 769; x_wconf 89' lang='lat' dir='ltr'><strong>est</strong></span> <span class='ocrx_word' id='word_1_25' title='bbox 942 712 1012 767; x_wconf 91' lang='lat' dir='ltr'><strong>de</strong></span> <span class='ocrx_word' id='word_1_26' title='bbox 1047 725 1227 784; x_wconf 86' lang='lat' dir='ltr'><strong>grano</strong></span> <span class='ocrx_word' id='word_1_27' title='bbox 1263 710 1496 782; x_wconf 86' lang='lat' dir='ltr'><strong>sinapis,</strong></span> 
     </span>
    </p>
   </div>
   <div class='ocr_carea' id='block_1_3' title="bbox 1603 711 2770 786">
    <p class='ocr_par' dir='ltr' id='par_1_3' title="bbox 1603 711 2770 786">
     <span class='ocr_line' id='line_1_4' title="bbox 1603 711 2770 786; baseline 0.006 -18"><span class='ocrx_word' id='word_1_28' title='bbox 1603 711 1717 779; x_wconf 89' lang='lat' dir='ltr'><strong>vel,</strong></span> <span class='ocrx_word' id='word_1_29' title='bbox 1771 726 1874 782; x_wconf 92' lang='lat' dir='ltr'><strong>pro</strong></span> <span class='ocrx_word' id='word_1_30' title='bbox 1917 711 2138 767; x_wconf 76' lang='lat' dir='ltr'><strong>fervore</strong></span> <span class='ocrx_word' id='word_1_31' title='bbox 2190 711 2346 783; x_wconf 84' lang='lat' dir='ltr'><strong>fidei,</strong></span> <span class='ocrx_word' id='word_1_32' title='bbox 2378 729 2507 786; x_wconf 78' lang='lat' dir='ltr'><strong>quae</strong></span> <span class='ocrx_word' id='word_1_33' title='bbox 2546 717 2770 774; x_wconf 89' lang='lat' dir='ltr'><strong>modica</strong></span> 
     </span>
    </p>
   </div>
   <div class='ocr_carea' id='block_1_4' title="bbox 259 782 2767 856">
    <p class='ocr_par' dir='ltr' id='par_1_4' title="bbox 259 782 2767 856">
     <span class='ocr_line' id='line_1_5' title="bbox 259 782 2767 856; baseline -0 -11"><span class='ocrx_word' id='word_1_34' title='bbox 259 844 268 855; x_wconf 88' lang='grc'><strong>,</strong></span> <span class='ocrx_word' id='word_1_35' title='bbox 330 787 674 845; x_wconf 87' lang='lat' dir='ltr'><strong>describitur</strong></span> <span class='ocrx_word' id='word_1_36' title='bbox 722 783 984 841; x_wconf 85' lang='lat' dir='ltr'><strong>Ecclesiae</strong></span> <span class='ocrx_word' id='word_1_37' title='bbox 1021 785 1200 839; x_wconf 84' lang='lat' dir='ltr'><strong>status</strong></span> <span class='ocrx_word' id='word_1_38' title='bbox 1254 796 1498 852; x_wconf 87' lang='lat' dir='ltr'><strong>sequens</strong></span> <span class='ocrx_word' id='word_1_39' title='bbox 1605 782 1906 839; x_wconf 83' lang='lat' dir='ltr'><strong>videbatur</strong></span> <span class='ocrx_word' id='word_1_40' title='bbox 1941 787 2177 854; x_wconf 90' lang='lat' dir='ltr'><strong>propter</strong></span> <span class='ocrx_word' id='word_1_41' title='bbox 2202 784 2530 842; x_wconf 88' lang='lat' dir='ltr'><strong>scandalum</strong></span> <span class='ocrx_word' id='word_1_42' title='bbox 2560 789 2767 856; x_wconf 89' lang='lat' dir='ltr'><strong>crucis,</strong></span> 
     </span>
    </p>
   </div>
   <div class='ocr_carea' id='block_1_5' title="bbox 229 852 1496 931">
    <p class='ocr_par' dir='ltr' id='par_1_5' title="bbox 229 852 1496 931">
     <span class='ocr_line' id='line_1_6' title="bbox 229 852 1496 931; baseline -0.006 -15"><span class='ocrx_word' id='word_1_43' title='bbox 229 916 246 931; x_wconf 70' lang='lat'>‚</span> <span class='ocrx_word' id='word_1_44' title='bbox 330 860 658 916; x_wconf 83' lang='lat' dir='ltr'>immediate</span> <span class='ocrx_word' id='word_1_45' title='bbox 708 859 832 927; x_wconf 89' lang='lat' dir='ltr'><strong>post</strong></span> <span class='ocrx_word' id='word_1_46' title='bbox 871 854 1281 910; x_wconf 82' lang='lat' dir='ltr'><strong>surrectionem</strong></span> <span class='ocrx_word' id='word_1_47' title='bbox 1309 852 1496 909; x_wconf 86' lang='lat' dir='ltr'><strong>haere·</strong></span> 
     </span>
    </p>
   </div>
   <div class='ocr_carea' id='block_1_6' title="bbox 325 924 1518 2785">
    <p class='ocr_par' dir='ltr' id='par_1_6' title="bbox 325 924 1518 2785">
     <span class='ocr_line' id='line_1_7' title="bbox 327 924 1500 1011; baseline -0.008 -24"><span class='ocrx_word' id='word_1_48' title='bbox 327 945 465 987; x_wconf 90' lang='lat' dir='ltr'><strong>seon</strong></span> <span class='ocrx_word' id='word_1_49' title='bbox 492 952 507 987; x_wconf 67' lang='grc' dir='ltr'><strong>ε</strong></span> <span class='ocrx_word' id='word_1_50' title='bbox 544 928 681 1011; x_wconf 86' lang='lat' dir='ltr'><strong>quia</strong></span> <span class='ocrx_word' id='word_1_51' title='bbox 709 929 906 983; x_wconf 89' lang='lat' dir='ltr'><strong>contra</strong></span> <span class='ocrx_word' id='word_1_52' title='bbox 934 924 1181 981; x_wconf 86' lang='lat' dir='ltr'><strong>haereses</strong></span> <span class='ocrx_word' id='word_1_53' title='bbox 1205 924 1500 996; x_wconf 89' lang='lat' dir='ltr'><strong>insurgen-</strong></span> 
     </span>
     <span class='ocr_line' id='line_1_8' title="bbox 326 995 1502 1057; baseline -0.007 0"><span class='ocrx_word' id='word_1_54' title='bbox 326 1005 411 1057; x_wconf 86' lang='lat' dir='ltr'><strong>tes</strong></span> <span class='ocrx_word' id='word_1_55' title='bbox 435 996 727 1057; x_wconf 79' lang='lat' dir='ltr'><strong>suscitavit</strong></span> <span class='ocrx_word' id='word_1_56' title='bbox 752 996 1024 1053; x_wconf 87' lang='lat' dir='ltr'>Dominus</span> <span class='ocrx_word' id='word_1_57' title='bbox 1040 996 1096 1050; x_wconf 91' lang='lat' dir='ltr'><strong>in</strong></span> <span class='ocrx_word' id='word_1_58' title='bbox 1130 995 1375 1051; x_wconf 79' lang='lat' dir='ltr'><strong>Ecclesia</strong></span> <span class='ocrx_word' id='word_1_59' title='bbox 1395 995 1502 1050; x_wconf 88' lang='lat' dir='ltr'><strong>do-</strong></span> 
     </span>
     <span class='ocr_line' id='line_1_9' title="bbox 327 1066 1500 1136; baseline -0.009 -6"><span class='ocrx_word' id='word_1_60' title='bbox 327 1078 510 1130; x_wconf 89' lang='lat' dir='ltr'><strong>ctores</strong></span> <span class='ocrx_word' id='word_1_61' title='bbox 528 1074 753 1127; x_wconf 90' lang='lat' dir='ltr'><strong>sanctos</strong></span> <span class='ocrx_word' id='word_1_62' title='bbox 775 1068 1076 1133; x_wconf 89' lang='lat' dir='ltr'><strong>litteratos,</strong></span> <span class='ocrx_word' id='word_1_63' title='bbox 1112 1070 1174 1120; x_wconf 88' lang='lat' dir='ltr'><strong>ut</strong></span> <span class='ocrx_word' id='word_1_64' title='bbox 1199 1081 1300 1136; x_wconf 85' lang='lat' dir='ltr'><strong>per</strong></span> <span class='ocrx_word' id='word_1_65' title='bbox 1323 1066 1500 1121; x_wconf 87' lang='lat' dir='ltr'><strong>ratio-</strong></span> 
     </span>
     <span class='ocr_line' id='line_1_10' title="bbox 325 1135 1503 1209; baseline -0.007 -9"><span class='ocrx_word' id='word_1_66' title='bbox 325 1158 458 1200; x_wconf 88' lang='lat' dir='ltr'><strong>nem</strong></span> <span class='ocrx_word' id='word_1_67' title='bbox 473 1148 529 1199; x_wconf 90' lang='lat' dir='ltr'><strong>et</strong></span> <span class='ocrx_word' id='word_1_68' title='bbox 543 1143 765 1199; x_wconf 86' lang='lat' dir='ltr'><strong>&#39;sacram</strong></span> <span class='ocrx_word' id='word_1_69' title='bbox 780 1139 1126 1209; x_wconf 83' lang='lat' dir='ltr'><strong>scripturam</strong></span> <span class='ocrx_word' id='word_1_70' title='bbox 1142 1135 1503 1192; x_wconf 77' lang='lat' dir='ltr'><strong>confutarent</strong></span> 
     </span>
     <span class='ocr_line' id='line_1_11' title="bbox 330 1206 1501 1281; baseline -0.009 -9"><span class='ocrx_word' id='word_1_71' title='bbox 330 1214 666 1279; x_wconf 83' lang='lat' dir='ltr'><strong>haereticos;</strong></span> <span class='ocrx_word' id='word_1_72' title='bbox 694 1217 752 1266; x_wconf 90' lang='lat' dir='ltr'><strong>et</strong></span> <span class='ocrx_word' id='word_1_73' title='bbox 774 1210 907 1267; x_wconf 87' lang='lat' dir='ltr'><strong>licet</strong></span> <span class='ocrx_word' id='word_1_74' title='bbox 939 1209 1124 1281; x_wconf 89' lang='lat' dir='ltr'><strong>primo</strong></span> <span class='ocrx_word' id='word_1_75' title='bbox 1150 1207 1364 1264; x_wconf 79' lang='lat' dir='ltr'><strong>suerint</strong></span> <span class='ocrx_word' id='word_1_76' title='bbox 1389 1206 1501 1263; x_wconf 86' lang='lat' dir='ltr'><strong>hu·</strong></span> 
     </span>
     <span class='ocr_line' id='line_1_12' title="bbox 334 1279 1501 1354; baseline -0.007 -13"><span class='ocrx_word' id='word_1_77' title='bbox 334 1285 498 1342; x_wconf 89' lang='lat' dir='ltr'><strong>miles</strong></span> <span class='ocrx_word' id='word_1_78' title='bbox 523 1290 580 1339; x_wconf 92' lang='lat' dir='ltr'><strong>et</strong></span> <span class='ocrx_word' id='word_1_79' title='bbox 614 1282 844 1354; x_wconf 84' lang='lat' dir='ltr'><strong>abjecti,</strong></span> <span class='ocrx_word' id='word_1_80' title='bbox 868 1285 1062 1337; x_wconf 89' lang='lat' dir='ltr'><strong>tamen</strong></span> <span class='ocrx_word' id='word_1_81' title='bbox 1090 1279 1281 1334; x_wconf 79' lang='lat' dir='ltr'><strong>divina</strong></span> <span class='ocrx_word' id='word_1_82' title='bbox 1307 1279 1501 1349; x_wconf 89' lang='lat' dir='ltr'><strong>dispo-</strong></span> 
     </span>
     <span class='ocr_line' id='line_1_13' title="bbox 336 1347 1504 1423; baseline -0.005 -11"><span class='ocrx_word' id='word_1_83' title='bbox 336 1356 541 1412; x_wconf 85' lang='lat' dir='ltr'><strong>sitione</strong></span> <span class='ocrx_word' id='word_1_84' title='bbox 566 1354 795 1410; x_wconf 76' lang='lat' dir='ltr'><strong>suerunt</strong></span> <span class='ocrx_word' id='word_1_85' title='bbox 822 1358 1020 1423; x_wconf 88' lang='lat' dir='ltr'><strong>postea</strong></span> <span class='ocrx_word' id='word_1_86' title='bbox 1042 1350 1292 1407; x_wconf 87' lang='lat' dir='ltr'><strong>exaltati.</strong></span> <span class='ocrx_word' id='word_1_87' title='bbox 1313 1347 1504 1406; x_wconf 86' lang='lat' dir='ltr'><strong>Tertia</strong></span> 
     </span>
     <span class='ocr_line' id='line_1_14' title="bbox 341 1421 1518 1498; baseline -0.004 -16"><span class='ocrx_word' id='word_1_88' title='bbox 341 1442 481 1498; x_wconf 90' lang='lat' dir='ltr'><strong>ergo</strong></span> <span class='ocrx_word' id='word_1_89' title='bbox 509 1423 785 1496; x_wconf 91' lang='lat' dir='ltr'><strong>parabola</strong></span> <span class='ocrx_word' id='word_1_90' title='bbox 818 1427 904 1479; x_wconf 87' lang='lat' dir='ltr'><strong>est</strong></span> <span class='ocrx_word' id='word_1_91' title='bbox 943 1422 1011 1478; x_wconf 93' lang='lat' dir='ltr'><strong>de</strong></span> <span class='ocrx_word' id='word_1_92' title='bbox 1040 1421 1380 1478; x_wconf 79' lang='lat' dir='ltr'><strong>exaltatione</strong></span> <span class='ocrx_word' id='word_1_93' title='bbox 1403 1422 1518 1477; x_wconf 89' lang='lat' dir='ltr'><strong>Ec-·</strong></span> 
     </span>
     <span class='ocr_line' id='line_1_15' title="bbox 337 1491 1505 1576; baseline -0.004 -24"><span class='ocrx_word' id='word_1_94' title='bbox 337 1496 546 1565; x_wconf 83' lang='lat' dir='ltr'><strong>clesiae,</strong></span> <span class='ocrx_word' id='word_1_95' title='bbox 598 1501 768 1576; x_wconf 84' lang='lat' dir='ltr'><strong>atque</strong></span> <span class='ocrx_word' id='word_1_96' title='bbox 808 1491 1224 1565; x_wconf 60' lang='lat' dir='ltr'><strong>praedicationis</strong></span> <span class='ocrx_word' id='word_1_97' title='bbox 1264 1491 1398 1548; x_wconf 83' lang='lat' dir='ltr'><strong>fidei</strong></span> <span class='ocrx_word' id='word_1_98' title='bbox 1447 1496 1505 1548; x_wconf 89' lang='lat' dir='ltr'><strong>et</strong></span> 
     </span>
     <span class='ocr_line' id='line_1_16' title="bbox 339 1566 1505 1689; baseline -0.004 -66"><span class='ocrx_word' id='word_1_99' title='bbox 339 1566 654 1639; x_wconf 77' lang='lat' dir='ltr'><strong>Evangelii,</strong></span> <span class='ocrx_word' id='word_1_100' title='bbox 674 1581 733 1621; x_wconf 80' lang='lat' dir='ltr'><strong>in</strong></span> <span class='ocrx_word' id='word_1_101' title='bbox 756 1580 867 1636; x_wconf 85' lang='lat' dir='ltr'><strong>qua</strong></span> <span class='ocrx_word' id='word_1_102' title='bbox 886 1567 1241 1645; x_wconf 73' lang='lat' dir='ltr'><strong>comparatur</strong></span> <span class='ocrx_word' id='word_1_103' title='bbox 1265 1577 1505 1689; x_wconf 51' lang='lat' dir='ltr'><strong>regnum</strong></span> 
     </span>
     <span class='ocr_line' id='line_1_17' title="bbox 342 1636 1508 1708; baseline -0.003 -14"><span class='ocrx_word' id='word_1_104' title='bbox 342 1639 615 1695; x_wconf 87' lang='lat' dir='ltr'><strong>coelorum</strong></span> <span class='ocrx_word' id='word_1_105' title='bbox 667 1651 845 1708; x_wconf 87' lang='lat' dir='ltr'><strong>grano</strong></span> <span class='ocrx_word' id='word_1_106' title='bbox 899 1650 1128 1706; x_wconf 79' lang='lat' dir='ltr'><strong>sinapis.</strong></span> <span class='ocrx_word' id='word_1_107' title='bbox 1181 1636 1324 1693; x_wconf 87' lang='lat' dir='ltr'><strong>Simi</strong></span> <span class='ocrx_word' id='word_1_108' title='bbox 1346 1649 1375 1689; x_wconf 88' lang='lat' dir='ltr'><strong>e</strong></span> <span class='ocrx_word' id='word_1_109' title='bbox 1426 1638 1508 1690; x_wconf 83' lang='lat' dir='ltr'><strong>est</strong></span> 
     </span>
     <span class='ocr_line' id='line_1_18' title="bbox 342 1705 1508 1778; baseline -0.004 -13"><span class='ocrx_word' id='word_1_110' title='bbox 342 1711 486 1765; x_wconf 82' lang='lat' dir='ltr'><strong>enim</strong></span> <span class='ocrx_word' id='word_1_111' title='bbox 521 1722 750 1778; x_wconf 69' lang='lat' dir='ltr'><strong>reanum</strong></span> <span class='ocrx_word' id='word_1_112' title='bbox 788 1708 1056 1768; x_wconf 69' lang='lat' dir='ltr'><strong>melorum.</strong></span> <span class='ocrx_word' id='word_1_113' title='bbox 1091 1706 1149 1761; x_wconf 93' lang='lat' dir='ltr'><strong>id</strong></span> <span class='ocrx_word' id='word_1_114' title='bbox 1179 1711 1267 1762; x_wconf 90' lang='lat' dir='ltr'><strong>est</strong></span> <span class='ocrx_word' id='word_1_115' title='bbox 1295 1705 1508 1776; x_wconf 77' lang='lat' dir='ltr'><strong>praedi-</strong></span> 
     </span>
     <span class='ocr_line' id='line_1_19' title="bbox 337 1775 1504 1850; baseline -0.005 -13"><span class='ocrx_word' id='word_1_116' title='bbox 337 1781 485 1837; x_wconf 87' lang='lat' dir='ltr'><strong>catio</strong></span> <span class='ocrx_word' id='word_1_117' title='bbox 515 1778 826 1850; x_wconf 80' lang='lat' dir='ltr'><strong>Evangelii,</strong></span> <span class='ocrx_word' id='word_1_118' title='bbox 851 1793 977 1849; x_wconf 83' lang='lat' dir='ltr'><strong>quae</strong></span> <span class='ocrx_word' id='word_1_119' title='bbox 1002 1775 1210 1833; x_wconf 87' lang='lat' dir='ltr'><strong>dicitur</strong></span> <span class='ocrx_word' id='word_1_120' title='bbox 1226 1791 1504 1849; x_wconf 84' lang='lat' dir='ltr'><strong>regnum:</strong></span> 
     </span>
     <span class='ocr_line' id='line_1_20' title="bbox 336 1848 1506 1931; baseline -0.003 -24"><span class='ocrx_word' id='word_1_121' title='bbox 336 1850 469 1924; x_wconf 89' lang='lat' dir='ltr'><strong>quia</strong></span> <span class='ocrx_word' id='word_1_122' title='bbox 489 1851 657 1908; x_wconf 89' lang='lat' dir='ltr'><strong>docet</strong></span> <span class='ocrx_word' id='word_1_123' title='bbox 669 1864 872 1922; x_wconf 87' lang='lat' dir='ltr'><strong>regere</strong></span> <span class='ocrx_word' id='word_1_124' title='bbox 897 1863 1149 1917; x_wconf 88' lang='lat' dir='ltr'><strong>manum,</strong></span> <span class='ocrx_word' id='word_1_125' title='bbox 1172 1848 1332 1931; x_wconf 86' lang='lat' dir='ltr'><strong>cujus</strong></span> <span class='ocrx_word' id='word_1_126' title='bbox 1356 1848 1506 1904; x_wconf 63' lang='lat' dir='ltr'><strong>cives</strong></span> 
     </span>
     <span class='ocr_line' id='line_1_21' title="bbox 336 1918 1509 2003; baseline -0.004 -24"><span class='ocrx_word' id='word_1_127' title='bbox 336 1928 467 1979; x_wconf 90' lang='lat' dir='ltr'><strong>sunt</strong></span> <span class='ocrx_word' id='word_1_128' title='bbox 519 1937 729 1993; x_wconf 82' lang='lat' dir='ltr'><strong>opera3</strong></span> <span class='ocrx_word' id='word_1_129' title='bbox 786 1935 986 1992; x_wconf 83' lang='lat' dir='ltr'><strong>regere</strong></span> <span class='ocrx_word' id='word_1_130' title='bbox 1024 1935 1109 1989; x_wconf 92' lang='lat' dir='ltr'><strong>os,</strong></span> <span class='ocrx_word' id='word_1_131' title='bbox 1162 1935 1321 2003; x_wconf 57' lang='lat' dir='ltr'><strong>cujus</strong></span> <span class='ocrx_word' id='word_1_132' title='bbox 1360 1918 1509 1975; x_wconf 86' lang='lat' dir='ltr'><strong>cives</strong></span> 
     </span>
     <span class='ocr_line' id='line_1_22' title="bbox 336 1989 1511 2064; baseline -0.004 -14"><span class='ocrx_word' id='word_1_133' title='bbox 336 1998 469 2050; x_wconf 88' lang='lat' dir='ltr'><strong>sunt</strong></span> <span class='ocrx_word' id='word_1_134' title='bbox 502 1994 715 2062; x_wconf 86' lang='lat' dir='ltr'><strong>verba;</strong></span> <span class='ocrx_word' id='word_1_135' title='bbox 754 2006 955 2064; x_wconf 88' lang='lat' dir='ltr'><strong>regere</strong></span> <span class='ocrx_word' id='word_1_136' title='bbox 994 2005 1111 2059; x_wconf 90' lang='lat' dir='ltr'><strong>cor,</strong></span> <span class='ocrx_word' id='word_1_137' title='bbox 1154 2006 1310 2062; x_wconf 68' lang='lat' dir='ltr'><strong>cujus</strong></span> <span class='ocrx_word' id='word_1_138' title='bbox 1360 1989 1511 2046; x_wconf 91' lang='lat' dir='ltr'><strong>cives</strong></span> 
     </span>
     <span class='ocr_line' id='line_1_23' title="bbox 340 2060 1509 2136; baseline -0.004 -16"><span class='ocrx_word' id='word_1_139' title='bbox 340 2071 475 2121; x_wconf 89' lang='lat' dir='ltr'><strong>sunt</strong></span> <span class='ocrx_word' id='word_1_140' title='bbox 499 2065 873 2136; x_wconf 88' lang='lat' dir='ltr'><strong>cogitationes</strong></span> <span class='ocrx_word' id='word_1_141' title='bbox 896 2067 955 2117; x_wconf 91' lang='lat' dir='ltr'><strong>et</strong></span> <span class='ocrx_word' id='word_1_142' title='bbox 982 2060 1285 2117; x_wconf 87' lang='lat' dir='ltr'><strong>desideria.</strong></span> <span class='ocrx_word' id='word_1_143' title='bbox 1313 2062 1509 2119; x_wconf 79' lang='lat' dir='ltr'><strong>Simile</strong></span> 
     </span>
     <span class='ocr_line' id='line_1_24' title="bbox 343 2131 1510 2205; baseline -0.004 -14"><span class='ocrx_word' id='word_1_144' title='bbox 343 2140 424 2191; x_wconf 80' lang='lat' dir='ltr'><strong>est</strong></span> <span class='ocrx_word' id='word_1_145' title='bbox 470 2151 641 2204; x_wconf 64' lang='lat' dir='ltr'><strong>urano</strong></span> <span class='ocrx_word' id='word_1_146' title='bbox 697 2135 935 2205; x_wconf 77' lang='lat' dir='ltr'><strong>sinapis,</strong></span> <span class='ocrx_word' id='word_1_147' title='bbox 989 2131 1086 2204; x_wconf 91' lang='lat' dir='ltr'><strong>qui</strong></span> <span class='ocrx_word' id='word_1_148' title='bbox 1140 2131 1396 2188; x_wconf 77' lang='lat' dir='ltr'><strong>calefacit</strong></span> <span class='ocrx_word' id='word_1_149' title='bbox 1450 2131 1510 2187; x_wconf 91' lang='lat' dir='ltr'><strong>in</strong></span> 
     </span>
     <span class='ocr_line' id='line_1_25' title="bbox 343 2201 1513 2276; baseline -0.003 -14"><span class='ocrx_word' id='word_1_150' title='bbox 343 2222 561 2276; x_wconf 88' lang='lat' dir='ltr'><strong>amore,</strong></span> <span class='ocrx_word' id='word_1_151' title='bbox 588 2219 867 2263; x_wconf 85' lang='lat' dir='ltr'><strong>venenum</strong></span> <span class='ocrx_word' id='word_1_152' title='bbox 898 2203 1145 2276; x_wconf 85' lang='lat' dir='ltr'><strong>expellit,</strong></span> <span class='ocrx_word' id='word_1_153' title='bbox 1166 2201 1223 2259; x_wconf 91' lang='lat' dir='ltr'><strong>id</strong></span> <span class='ocrx_word' id='word_1_154' title='bbox 1246 2208 1333 2260; x_wconf 92' lang='lat' dir='ltr'><strong>est</strong></span> <span class='ocrx_word' id='word_1_155' title='bbox 1358 2218 1513 2259; x_wconf 91' lang='lat' dir='ltr'><strong>erro-</strong></span> 
     </span>
     <span class='ocr_line' id='line_1_26' title="bbox 343 2275 1507 2349; baseline -0.004 -15"><span class='ocrx_word' id='word_1_156' title='bbox 343 2293 487 2347; x_wconf 88' lang='lat' dir='ltr'><strong>rem,</strong></span> <span class='ocrx_word' id='word_1_157' title='bbox 520 2284 686 2349; x_wconf 89' lang='lat' dir='ltr'><strong>caput</strong></span> <span class='ocrx_word' id='word_1_158' title='bbox 732 2281 957 2349; x_wconf 89' lang='lat' dir='ltr'><strong>purgat,</strong></span> <span class='ocrx_word' id='word_1_159' title='bbox 988 2275 1046 2332; x_wconf 92' lang='lat' dir='ltr'><strong>id</strong></span> <span class='ocrx_word' id='word_1_160' title='bbox 1092 2281 1178 2331; x_wconf 90' lang='lat' dir='ltr'><strong>est</strong></span> <span class='ocrx_word' id='word_1_161' title='bbox 1212 2279 1462 2331; x_wconf 87' lang='lat' dir='ltr'><strong>mentem</strong></span> <span class='ocrx_word' id='word_1_162' title='bbox 1491 2290 1507 2343; x_wconf 88' lang='lat'><strong>;</strong></span> 
     </span>
     <span class='ocr_line' id='line_1_27' title="bbox 348 2345 1512 2421; baseline -0.003 -16"><span class='ocrx_word' id='word_1_163' title='bbox 348 2349 495 2419; x_wconf 76' lang='lat' dir='ltr'><strong>quod</strong></span> <span class='ocrx_word' id='word_1_164' title='bbox 523 2352 797 2421; x_wconf 79' lang='lat' dir='ltr'><strong>accipiens</strong></span> <span class='ocrx_word' id='word_1_165' title='bbox 815 2350 992 2413; x_wconf 79' lang='lat' dir='ltr'><strong>homo,</strong></span> <span class='ocrx_word' id='word_1_166' title='bbox 1013 2345 1229 2404; x_wconf 89' lang='lat' dir='ltr'><strong>scilicet</strong></span> <span class='ocrx_word' id='word_1_167' title='bbox 1259 2346 1512 2402; x_wconf 89' lang='lat' dir='ltr'><strong>Christus</strong></span> 
     </span>
     <span class='ocr_line' id='line_1_28' title="bbox 346 2421 1513 2489; baseline -0.003 -12"><span class='ocrx_word' id='word_1_168' title='bbox 346 2436 381 2477; x_wconf 91' lang='lat' dir='ltr'><strong>a</strong></span> <span class='ocrx_word' id='word_1_169' title='bbox 400 2422 588 2489; x_wconf 90' lang='lat' dir='ltr'><strong>Patre,</strong></span> <span class='ocrx_word' id='word_1_170' title='bbox 618 2421 933 2484; x_wconf 79' lang='lat' dir='ltr'><strong>seminavit,</strong></span> <span class='ocrx_word' id='word_1_171' title='bbox 962 2422 1019 2477; x_wconf 87' lang='lat' dir='ltr'><strong>et</strong></span> <span class='ocrx_word' id='word_1_172' title='bbox 1066 2431 1167 2488; x_wconf 90' lang='lat' dir='ltr'><strong>per</strong></span> <span class='ocrx_word' id='word_1_173' title='bbox 1203 2433 1263 2475; x_wconf 92' lang='lat' dir='ltr'><strong>se</strong></span> <span class='ocrx_word' id='word_1_174' title='bbox 1315 2422 1373 2473; x_wconf 91' lang='lat' dir='ltr'><strong>et</strong></span> <span class='ocrx_word' id='word_1_175' title='bbox 1410 2433 1513 2488; x_wconf 88' lang='lat' dir='ltr'><strong>per</strong></span> 
     </span>
     <span class='ocr_line' id='line_1_29' title="bbox 347 2488 1515 2563; baseline -0.003 -15"><span class='ocrx_word' id='word_1_176' title='bbox 347 2491 646 2563; x_wconf 89' lang='lat' dir='ltr'><strong>discipulos</strong></span> <span class='ocrx_word' id='word_1_177' title='bbox 671 2507 825 2561; x_wconf 76' lang='lat' dir='ltr'><strong>suoS,</strong></span> <span class='ocrx_word' id='word_1_178' title='bbox 852 2493 914 2547; x_wconf 80' lang='lat' dir='ltr'><strong>in</strong></span> <span class='ocrx_word' id='word_1_179' title='bbox 941 2506 1076 2560; x_wconf 77' lang='lat' dir='ltr'><strong>aqro</strong></span> <span class='ocrx_word' id='word_1_180' title='bbox 1108 2504 1228 2554; x_wconf 80' lang='lat' dir='ltr'><strong>suo,</strong></span> <span class='ocrx_word' id='word_1_181' title='bbox 1250 2488 1306 2546; x_wconf 92' lang='lat' dir='ltr'><strong>id</strong></span> <span class='ocrx_word' id='word_1_182' title='bbox 1341 2495 1429 2546; x_wconf 90' lang='lat' dir='ltr'><strong>est</strong></span> <span class='ocrx_word' id='word_1_183' title='bbox 1456 2489 1515 2545; x_wconf 90' lang='lat' dir='ltr'><strong>in</strong></span> 
     </span>
     <span class='ocr_line' id='line_1_30' title="bbox 346 2561 1515 2635; baseline -0.003 -15"><span class='ocrx_word' id='word_1_184' title='bbox 346 2565 593 2633; x_wconf 84' lang='lat' dir='ltr'><strong>mundo;</strong></span> <span class='ocrx_word' id='word_1_185' title='bbox 628 2565 775 2635; x_wconf 82' lang='lat' dir='ltr'><strong>quod</strong></span> <span class='ocrx_word' id='word_1_186' title='bbox 818 2565 1107 2618; x_wconf 83' lang='lat' dir='ltr'><strong>minimum</strong></span> <span class='ocrx_word' id='word_1_187' title='bbox 1157 2566 1239 2617; x_wconf 79' lang='lat' dir='ltr'><strong>est</strong></span> <span class='ocrx_word' id='word_1_188' title='bbox 1265 2561 1515 2617; x_wconf 79' lang='lat' dir='ltr'><strong>omnibus</strong></span> 
     </span>
     <span class='ocr_line' id='line_1_31' title="bbox 347 2631 1513 2702; baseline -0.002 -13"><span class='ocrx_word' id='word_1_189' title='bbox 347 2634 666 2698; x_wconf 80' lang='lat' dir='ltr'><strong>seminibus,</strong></span> <span class='ocrx_word' id='word_1_190' title='bbox 699 2635 756 2691; x_wconf 93' lang='lat' dir='ltr'><strong>id</strong></span> <span class='ocrx_word' id='word_1_191' title='bbox 785 2640 868 2690; x_wconf 89' lang='lat' dir='ltr'><strong>est</strong></span> <span class='ocrx_word' id='word_1_192' title='bbox 891 2634 1154 2690; x_wconf 89' lang='lat' dir='ltr'><strong>omnibus</strong></span> <span class='ocrx_word' id='word_1_193' title='bbox 1178 2631 1513 2702; x_wconf 90' lang='lat' dir='ltr'><strong>disciplinis,</strong></span> 
     </span>
     <span class='ocr_line' id='line_1_32' title="bbox 346 2703 1513 2785; baseline -0.002 -25"><span class='ocrx_word' id='word_1_194' title='bbox 346 2705 433 2761; x_wconf 88' lang='lat' dir='ltr'><strong>vel</strong></span> <span class='ocrx_word' id='word_1_195' title='bbox 465 2708 601 2777; x_wconf 86' lang='lat' dir='ltr'><strong>quia</strong></span> <span class='ocrx_word' id='word_1_196' title='bbox 624 2707 714 2761; x_wconf 92' lang='lat' dir='ltr'><strong>vix</strong></span> <span class='ocrx_word' id='word_1_197' title='bbox 742 2706 795 2762; x_wconf 92' lang='lat' dir='ltr'><strong>ei</strong></span> <span class='ocrx_word' id='word_1_198' title='bbox 833 2705 892 2761; x_wconf 91' lang='lat' dir='ltr'><strong>in</strong></span> <span class='ocrx_word' id='word_1_199' title='bbox 929 2703 1212 2776; x_wconf 89' lang='lat' dir='ltr'><strong>principio</strong></span> <span class='ocrx_word' id='word_1_200' title='bbox 1241 2704 1513 2785; x_wconf 77' lang='lat' dir='ltr'><strong>creditur,</strong></span> 
     </span>
    </p>
   </div>
   <div class='ocr_carea' id='block_1_7' title="bbox 190 2774 1518 2852">
    <p class='ocr_par' dir='ltr' id='par_1_7' title="bbox 190 2774 1518 2852">
     <span class='ocr_line' id='line_1_33' title="bbox 190 2774 1518 2852; baseline -0.001 -22"><span class='ocrx_word' id='word_1_201' title='bbox 190 2845 198 2852; x_wconf 35' lang='lat'><strong>·</strong></span> <span class='ocrx_word' id='word_1_202' title='bbox 237 2801 241 2805; x_wconf 21' lang='grc' dir='ltr'><strong>Δ</strong></span> <span class='ocrx_word' id='word_1_203' title='bbox 345 2778 432 2832; x_wconf 88' lang='lat' dir='ltr'><strong>vel</strong></span> <span class='ocrx_word' id='word_1_204' title='bbox 465 2779 599 2849; x_wconf 86' lang='lat' dir='ltr'><strong>quia</strong></span> <span class='ocrx_word' id='word_1_205' title='bbox 628 2779 795 2834; x_wconf 93' lang='lat' dir='ltr'><strong>docet</strong></span> <span class='ocrx_word' id='word_1_206' title='bbox 821 2792 948 2849; x_wconf 83' lang='lat' dir='ltr'><strong>quae</strong></span> <span class='ocrx_word' id='word_1_207' title='bbox 986 2777 1044 2831; x_wconf 90' lang='lat' dir='ltr'><strong>in</strong></span> <span class='ocrx_word' id='word_1_208' title='bbox 1094 2775 1308 2831; x_wconf 90' lang='lat' dir='ltr'><strong>mundo</strong></span> <span class='ocrx_word' id='word_1_209' title='bbox 1345 2774 1518 2830; x_wconf 80' lang='lat' dir='ltr'><strong>mini-</strong></span> 
     </span>
    </p>
   </div>
   <div class='ocr_carea' id='block_1_8' title="bbox 346 2845 1540 4538">
    <p class='ocr_par' dir='ltr' id='par_1_8' title="bbox 346 2845 1540 4538">
     <span class='ocr_line' id='line_1_34' title="bbox 346 2845 1518 2919; baseline -0.003 -15"><span class='ocrx_word' id='word_1_210' title='bbox 346 2864 439 2904; x_wconf 91' lang='lat' dir='ltr'><strong>ma</strong></span> <span class='ocrx_word' id='word_1_211' title='bbox 454 2855 510 2905; x_wconf 90' lang='lat' dir='ltr'><strong>et</strong></span> <span class='ocrx_word' id='word_1_212' title='bbox 527 2848 661 2904; x_wconf 89' lang='lat' dir='ltr'><strong>vilia</strong></span> <span class='ocrx_word' id='word_1_213' title='bbox 678 2853 1036 2919; x_wconf 88' lang='lat' dir='ltr'><strong>reputantur,</strong></span> <span class='ocrx_word' id='word_1_214' title='bbox 1047 2846 1136 2902; x_wconf 86' lang='lat' dir='ltr'><strong>vel</strong></span> <span class='ocrx_word' id='word_1_215' title='bbox 1150 2846 1284 2918; x_wconf 89' lang='lat' dir='ltr'><strong>quia</strong></span> <span class='ocrx_word' id='word_1_216' title='bbox 1302 2860 1391 2901; x_wconf 88' lang='lat' dir='ltr'><strong>am</strong></span> <span class='ocrx_word' id='word_1_217' title='bbox 1435 2845 1518 2901; x_wconf 90' lang='lat' dir='ltr'><strong>ul-</strong></span> 
     </span>
     <span class='ocr_line' id='line_1_35' title="bbox 348 2918 1518 2975; baseline -0.003 -1"><span class='ocrx_word' id='word_1_218' title='bbox 348 2920 558 2975; x_wconf 89' lang='lat' dir='ltr'><strong>lositati</strong></span> <span class='ocrx_word' id='word_1_219' title='bbox 579 2920 883 2975; x_wconf 89' lang='lat' dir='ltr'><strong>verborum</strong></span> <span class='ocrx_word' id='word_1_220' title='bbox 921 2933 1037 2975; x_wconf 92' lang='lat' dir='ltr'><strong>non</strong></span> <span class='ocrx_word' id='word_1_221' title='bbox 1069 2918 1343 2972; x_wconf 76' lang='lat' dir='ltr'><strong>innuitur.</strong></span> <span class='ocrx_word' id='word_1_222' title='bbox 1424 2932 1518 2972; x_wconf 82' lang='lat' dir='ltr'><strong>um</strong></span> 
     </span>
     <span class='ocr_line' id='line_1_36' title="bbox 348 2987 1518 3060; baseline -0.002 -15"><span class='ocrx_word' id='word_1_223' title='bbox 348 2995 533 3045; x_wconf 82' lang='lat' dir='ltr'><strong>autem</strong></span> <span class='ocrx_word' id='word_1_224' title='bbox 597 2992 845 3059; x_wconf 78' lang='lat' dir='ltr'><strong>ereverit,</strong></span> <span class='ocrx_word' id='word_1_225' title='bbox 896 3005 1001 3060; x_wconf 92' lang='lat' dir='ltr'><strong>per</strong></span> <span class='ocrx_word' id='word_1_226' title='bbox 1050 2987 1518 3059; x_wconf 79' lang='lat' dir='ltr'><strong>divulgationem,</strong></span> 
     </span>
     <span class='ocr_line' id='line_1_37' title="bbox 349 3058 1519 3129; baseline -0.003 -13"><span class='ocrx_word' id='word_1_227' title='bbox 349 3061 535 3129; x_wconf 76' lang='lat' dir='ltr'><strong>majzcs</strong></span> <span class='ocrx_word' id='word_1_228' title='bbox 591 3064 671 3116; x_wconf 83' lang='lat' dir='ltr'><strong>est</strong></span> <span class='ocrx_word' id='word_1_229' title='bbox 725 3060 973 3116; x_wconf 79' lang='lat' dir='ltr'><strong>omnibus</strong></span> <span class='ocrx_word' id='word_1_230' title='bbox 1025 3059 1283 3122; x_wconf 79' lang='lat' dir='ltr'><strong>oleribus,</strong></span> <span class='ocrx_word' id='word_1_231' title='bbox 1338 3058 1398 3113; x_wconf 91' lang='lat' dir='ltr'><strong>id</strong></span> <span class='ocrx_word' id='word_1_232' title='bbox 1432 3063 1519 3113; x_wconf 89' lang='lat' dir='ltr'><strong>est</strong></span> 
     </span>
     <span class='ocr_line' id='line_1_38' title="bbox 347 3130 1522 3205; baseline -0.003 -18"><span class='ocrx_word' id='word_1_233' title='bbox 347 3131 598 3188; x_wconf 83' lang='lat' dir='ltr'><strong>scientiis</strong></span> <span class='ocrx_word' id='word_1_234' title='bbox 627 3130 887 3205; x_wconf 75' lang='lat' dir='ltr'><strong>physiciS,</strong></span> <span class='ocrx_word' id='word_1_235' title='bbox 912 3130 1286 3199; x_wconf 84' lang='lat' dir='ltr'><strong>naturalibus,</strong></span> <span class='ocrx_word' id='word_1_236' title='bbox 1308 3136 1366 3185; x_wconf 90' lang='lat' dir='ltr'><strong>et</strong></span> <span class='ocrx_word' id='word_1_237' title='bbox 1391 3143 1522 3199; x_wconf 92' lang='lat' dir='ltr'><strong>poe-</strong></span> 
     </span>
     <span class='ocr_line' id='line_1_39' title="bbox 349 3201 1518 3275; baseline -0.003 -16"><span class='ocrx_word' id='word_1_238' title='bbox 349 3201 497 3269; x_wconf 84' lang='lat' dir='ltr'><strong>ticis,</strong></span> <span class='ocrx_word' id='word_1_239' title='bbox 539 3218 665 3275; x_wconf 83' lang='lat' dir='ltr'><strong>quae</strong></span> <span class='ocrx_word' id='word_1_240' title='bbox 710 3203 975 3260; x_wconf 89' lang='lat' dir='ltr'><strong>dicuntur</strong></span> <span class='ocrx_word' id='word_1_241' title='bbox 1014 3202 1188 3270; x_wconf 90' lang='lat' dir='ltr'><strong>olera,</strong></span> <span class='ocrx_word' id='word_1_242' title='bbox 1225 3202 1359 3272; x_wconf 90' lang='lat' dir='ltr'><strong>quia</strong></span> <span class='ocrx_word' id='word_1_243' title='bbox 1406 3201 1518 3256; x_wconf 92' lang='lat' dir='ltr'><strong>cito</strong></span> 
     </span>
     <span class='ocr_line' id='line_1_40' title="bbox 352 3272 1519 3340; baseline -0.002 -11"><span class='ocrx_word' id='word_1_244' title='bbox 352 3275 620 3331; x_wconf 92' lang='lat' dir='ltr'><strong>decidunt</strong></span> <span class='ocrx_word' id='word_1_245' title='bbox 648 3297 662 3333; x_wconf 92' lang='lat'>:</span> <span class='ocrx_word' id='word_1_246' title='bbox 700 3290 804 3331; x_wconf 91' lang='lat' dir='ltr'><strong>nec</strong></span> <span class='ocrx_word' id='word_1_247' title='bbox 828 3274 1073 3330; x_wconf 77' lang='lat' dir='ltr'><strong>fructum</strong></span> <span class='ocrx_word' id='word_1_248' title='bbox 1095 3279 1394 3340; x_wconf 82' lang='lat' dir='ltr'><strong>aeternum,</strong></span> <span class='ocrx_word' id='word_1_249' title='bbox 1420 3272 1519 3328; x_wconf 92' lang='lat' dir='ltr'><strong>sed</strong></span> 
     </span>
     <span class='ocr_line' id='line_1_41' title="bbox 349 3343 1519 3417; baseline -0.003 -16"><span class='ocrx_word' id='word_1_250' title='bbox 349 3346 722 3417; x_wconf 88' lang='lat' dir='ltr'><strong>temporalem</strong></span> <span class='ocrx_word' id='word_1_251' title='bbox 738 3345 994 3413; x_wconf 86' lang='lat' dir='ltr'><strong>habent;</strong></span> <span class='ocrx_word' id='word_1_252' title='bbox 1026 3349 1078 3400; x_wconf 78' lang='lat' dir='ltr'><strong>et</strong></span> <span class='ocrx_word' id='word_1_253' title='bbox 1098 3347 1162 3415; x_wconf 75' lang='lat' dir='ltr'><strong>fit</strong></span> <span class='ocrx_word' id='word_1_254' title='bbox 1188 3344 1371 3408; x_wconf 82' lang='lat' dir='ltr'><strong>arbor,</strong></span> <span class='ocrx_word' id='word_1_255' title='bbox 1404 3343 1519 3399; x_wconf 91' lang='lat' dir='ltr'><strong>alta</strong></span> 
     </span>
     <span class='ocr_line' id='line_1_42' title="bbox 353 3414 1519 3489; baseline -0.003 -16"><span class='ocrx_word' id='word_1_256' title='bbox 353 3431 453 3487; x_wconf 91' lang='lat' dir='ltr'><strong>per</strong></span> <span class='ocrx_word' id='word_1_257' title='bbox 509 3418 629 3489; x_wconf 85' lang='lat' dir='ltr'><strong>ejus</strong></span> <span class='ocrx_word' id='word_1_258' title='bbox 689 3415 1180 3483; x_wconf 83' lang='lat' dir='ltr'><strong>sublimationem,</strong></span> <span class='ocrx_word' id='word_1_259' title='bbox 1227 3414 1519 3472; x_wconf 73' lang='lat' dir='ltr'><strong>fructifera</strong></span> 
     </span>
     <span class='ocr_line' id='line_1_43' title="bbox 352 3487 1519 3570; baseline -0.002 -27"><span class='ocrx_word' id='word_1_260' title='bbox 352 3502 453 3558; x_wconf 89' lang='lat' dir='ltr'><strong>per</strong></span> <span class='ocrx_word' id='word_1_261' title='bbox 489 3490 610 3570; x_wconf 78' lang='lat' dir='ltr'><strong>ejus</strong></span> <span class='ocrx_word' id='word_1_262' title='bbox 668 3489 994 3552; x_wconf 85' lang='lat' dir='ltr'><strong>utilitatem,</strong></span> <span class='ocrx_word' id='word_1_263' title='bbox 1046 3489 1129 3542; x_wconf 80' lang='lat' dir='ltr'><strong>ita</strong></span> <span class='ocrx_word' id='word_1_264' title='bbox 1157 3491 1221 3542; x_wconf 79' lang='lat' dir='ltr'><strong>ut</strong></span> <span class='ocrx_word' id='word_1_265' title='bbox 1275 3487 1519 3542; x_wconf 79' lang='lat' dir='ltr'><strong>volueres</strong></span> 
     </span>
     <span class='ocr_line' id='line_1_44' title="bbox 352 3556 1520 3629; baseline -0.001 -16"><span class='ocrx_word' id='word_1_266' title='bbox 352 3561 490 3629; x_wconf 75' lang='lat' dir='ltr'><strong>omli,</strong></span> <span class='ocrx_word' id='word_1_267' title='bbox 519 3560 578 3615; x_wconf 88' lang='lat' dir='ltr'><strong>ld</strong></span> <span class='ocrx_word' id='word_1_268' title='bbox 605 3565 690 3615; x_wconf 91' lang='lat' dir='ltr'><strong>est</strong></span> <span class='ocrx_word' id='word_1_269' title='bbox 716 3560 923 3615; x_wconf 85' lang='lat' dir='ltr'><strong>animae</strong></span> <span class='ocrx_word' id='word_1_270' title='bbox 954 3556 1311 3615; x_wconf 89' lang='lat' dir='ltr'><strong>credentium</strong></span> <span class='ocrx_word' id='word_1_271' title='bbox 1350 3557 1520 3614; x_wconf 89' lang='lat' dir='ltr'><strong>coelos</strong></span> 
     </span>
     <span class='ocr_line' id='line_1_45' title="bbox 352 3628 1522 3699; baseline 0 -16"><span class='ocrx_word' id='word_1_272' title='bbox 352 3628 767 3698; x_wconf 84' lang='lat' dir='ltr'><strong>affectantium,</strong></span> <span class='ocrx_word' id='word_1_273' title='bbox 804 3631 1052 3699; x_wconf 80' lang='lat' dir='ltr'><strong>veniant,</strong></span> <span class='ocrx_word' id='word_1_274' title='bbox 1103 3643 1203 3699; x_wconf 84' lang='lat' dir='ltr'><strong>per</strong></span> <span class='ocrx_word' id='word_1_275' title='bbox 1246 3629 1439 3697; x_wconf 82' lang='lat' dir='ltr'><strong>fldem,</strong></span> <span class='ocrx_word' id='word_1_276' title='bbox 1469 3632 1522 3683; x_wconf 80' lang='lat' dir='ltr'><strong>et</strong></span> 
     </span>
     <span class='ocr_line' id='line_1_46' title="bbox 352 3699 1518 3770; baseline 0 -16"><span class='ocrx_word' id='word_1_277' title='bbox 352 3700 620 3765; x_wconf 79' lang='lat' dir='ltr'><strong>habitent,</strong></span> <span class='ocrx_word' id='word_1_278' title='bbox 653 3715 755 3770; x_wconf 90' lang='lat' dir='ltr'><strong>per</strong></span> <span class='ocrx_word' id='word_1_279' title='bbox 779 3716 1054 3767; x_wconf 88' lang='lat' dir='ltr'><strong>amorem,</strong></span> <span class='ocrx_word' id='word_1_280' title='bbox 1087 3702 1146 3755; x_wconf 83' lang='lat' dir='ltr'><strong>in</strong></span> <span class='ocrx_word' id='word_1_281' title='bbox 1173 3702 1347 3755; x_wconf 84' lang='lat' dir='ltr'><strong>ramis</strong></span> <span class='ocrx_word' id='word_1_282' title='bbox 1376 3699 1518 3769; x_wconf 69' lang='lat' dir='ltr'><strong>ejice,</strong></span> 
     </span>
     <span class='ocr_line' id='line_1_47' title="bbox 350 3769 1521 3843; baseline 0.001 -19"><span class='ocrx_word' id='word_1_283' title='bbox 350 3769 408 3825; x_wconf 93' lang='lat' dir='ltr'><strong>id</strong></span> <span class='ocrx_word' id='word_1_284' title='bbox 448 3776 535 3825; x_wconf 90' lang='lat' dir='ltr'><strong>est</strong></span> <span class='ocrx_word' id='word_1_285' title='bbox 571 3770 631 3825; x_wconf 91' lang='lat' dir='ltr'><strong>in</strong></span> <span class='ocrx_word' id='word_1_286' title='bbox 677 3770 1067 3843; x_wconf 86' lang='lat' dir='ltr'><strong>dogmatibus;</strong></span> <span class='ocrx_word' id='word_1_287' title='bbox 1107 3770 1218 3840; x_wconf 87' lang='lat' dir='ltr'><strong>vel,</strong></span> <span class='ocrx_word' id='word_1_288' title='bbox 1255 3772 1521 3839; x_wconf 70' lang='lat' dir='ltr'><strong>volume,</strong></span> 
     </span>
     <span class='ocr_line' id='line_1_48' title="bbox 351 3840 1525 3914; baseline 0.001 -19"><span class='ocrx_word' id='word_1_289' title='bbox 351 3840 407 3895; x_wconf 93' lang='lat' dir='ltr'><strong>id</strong></span> <span class='ocrx_word' id='word_1_290' title='bbox 430 3847 520 3897; x_wconf 90' lang='lat' dir='ltr'><strong>est</strong></span> <span class='ocrx_word' id='word_1_291' title='bbox 551 3841 975 3911; x_wconf 85' lang='lat' dir='ltr'><strong>praedicatores,</strong></span> <span class='ocrx_word' id='word_1_292' title='bbox 1002 3842 1099 3914; x_wconf 89' lang='lat' dir='ltr'><strong>qui</strong></span> <span class='ocrx_word' id='word_1_293' title='bbox 1119 3849 1177 3898; x_wconf 90' lang='lat' dir='ltr'><strong>ut</strong></span> <span class='ocrx_word' id='word_1_294' title='bbox 1211 3841 1391 3896; x_wconf 91' lang='lat' dir='ltr'><strong>nubes</strong></span> <span class='ocrx_word' id='word_1_295' title='bbox 1419 3856 1525 3896; x_wconf 90' lang='lat' dir='ltr'><strong>vo-</strong></span> 
     </span>
     <span class='ocr_line' id='line_1_49' title="bbox 349 3911 1521 3983; baseline 0 -17"><span class='ocrx_word' id='word_1_296' title='bbox 349 3911 490 3976; x_wconf 82' lang='lat' dir='ltr'><strong>lant,</strong></span> <span class='ocrx_word' id='word_1_297' title='bbox 531 3914 772 3981; x_wconf 78' lang='lat' dir='ltr'><strong>veniant,</strong></span> <span class='ocrx_word' id='word_1_298' title='bbox 820 3915 1121 3983; x_wconf 90' lang='lat' dir='ltr'><strong>studendo,</strong></span> <span class='ocrx_word' id='word_1_299' title='bbox 1161 3917 1213 3968; x_wconf 77' lang='lat' dir='ltr'><strong>et</strong></span> <span class='ocrx_word' id='word_1_300' title='bbox 1251 3912 1521 3975; x_wconf 77' lang='lat' dir='ltr'><strong>habitent,</strong></span> 
     </span>
     <span class='ocr_line' id='line_1_50' title="bbox 350 3982 1520 4063; baseline 0 -26"><span class='ocrx_word' id='word_1_301' title='bbox 350 3983 680 4063; x_wconf 82' lang='lat' dir='ltr'><strong>meditando</strong></span> <span class='ocrx_word' id='word_1_302' title='bbox 700 3990 756 4040; x_wconf 91' lang='lat' dir='ltr'><strong>et</strong></span> <span class='ocrx_word' id='word_1_303' title='bbox 767 3985 1083 4056; x_wconf 89' lang='lat' dir='ltr'><strong>operando,</strong></span> <span class='ocrx_word' id='word_1_304' title='bbox 1103 3986 1166 4039; x_wconf 82' lang='lat' dir='ltr'><strong>in</strong></span> <span class='ocrx_word' id='word_1_305' title='bbox 1178 3985 1352 4039; x_wconf 80' lang='lat' dir='ltr'><strong>ramis</strong></span> <span class='ocrx_word' id='word_1_306' title='bbox 1378 3982 1520 4052; x_wconf 74' lang='lat' dir='ltr'><strong>ejvs,</strong></span> 
     </span>
     <span class='ocr_line' id='line_1_51' title="bbox 352 4053 1528 4125; baseline 0.001 -17"><span class='ocrx_word' id='word_1_307' title='bbox 352 4053 407 4108; x_wconf 80' lang='lat' dir='ltr'><strong>ld</strong></span> <span class='ocrx_word' id='word_1_308' title='bbox 452 4058 537 4109; x_wconf 79' lang='lat' dir='ltr'><strong>est</strong></span> <span class='ocrx_word' id='word_1_309' title='bbox 584 4056 642 4110; x_wconf 90' lang='lat' dir='ltr'><strong>in</strong></span> <span class='ocrx_word' id='word_1_310' title='bbox 691 4056 927 4112; x_wconf 83' lang='lat' dir='ltr'><strong>diversis</strong></span> <span class='ocrx_word' id='word_1_311' title='bbox 978 4055 1418 4125; x_wconf 85' lang='lat' dir='ltr'><strong>expositionibus</strong></span> <span class='ocrx_word' id='word_1_312' title='bbox 1468 4059 1528 4109; x_wconf 91' lang='lat' dir='ltr'><strong>et</strong></span> 
     </span>
     <span class='ocr_line' id='line_1_52' title="bbox 351 4125 1524 4194; baseline 0.002 -16"><span class='ocrx_word' id='word_1_313' title='bbox 351 4125 673 4184; x_wconf 84' lang='lat' dir='ltr'><strong>sententiis.</strong></span> <span class='ocrx_word' id='word_1_314' title='bbox 703 4127 961 4194; x_wconf 87' lang='lat' dir='ltr'><strong>Quatuor</strong></span> <span class='ocrx_word' id='word_1_315' title='bbox 983 4127 1138 4182; x_wconf 90' lang='lat' dir='ltr'><strong>enim</strong></span> <span class='ocrx_word' id='word_1_316' title='bbox 1176 4126 1320 4181; x_wconf 91' lang='lat' dir='ltr'><strong>rami</strong></span> <span class='ocrx_word' id='word_1_317' title='bbox 1345 4129 1479 4182; x_wconf 89' lang='lat' dir='ltr'><strong>sunt</strong></span> <span class='ocrx_word' id='word_1_318' title='bbox 1509 4140 1524 4180; x_wconf 89' lang='lat'>:</span> 
     </span>
     <span class='ocr_line' id='line_1_53' title="bbox 355 4195 1528 4270; baseline 0.001 -20"><span class='ocrx_word' id='word_1_319' title='bbox 355 4195 616 4265; x_wconf 88' lang='lat' dir='ltr'><strong>historia,</strong></span> <span class='ocrx_word' id='word_1_320' title='bbox 662 4197 1005 4270; x_wconf 84' lang='lat' dir='ltr'><strong>tropologia,</strong></span> <span class='ocrx_word' id='word_1_321' title='bbox 1046 4197 1342 4269; x_wconf 87' lang='lat' dir='ltr'><strong>allegoria,</strong></span> <span class='ocrx_word' id='word_1_322' title='bbox 1387 4211 1528 4252; x_wconf 90' lang='lat' dir='ltr'><strong>ana-</strong></span> 
     </span>
     <span class='ocr_line' id='line_1_54' title="bbox 354 4267 1533 4338; baseline 0.001 -18"><span class='ocrx_word' id='word_1_323' title='bbox 354 4280 521 4337; x_wconf 87' lang='lat' dir='ltr'><strong>goge.</strong></span> <span class='ocrx_word' id='word_1_324' title='bbox 570 4267 749 4338; x_wconf 90' lang='lat' dir='ltr'><strong>Unde,</strong></span> <span class='ocrx_word' id='word_1_325' title='bbox 786 4284 1047 4337; x_wconf 75' lang='lat' dir='ltr'><strong>reanum.</strong></span> <span class='ocrx_word' id='word_1_326' title='bbox 1069 4269 1319 4324; x_wconf 80' lang='lat' dir='ltr'><strong>coelorum</strong></span> <span class='ocrx_word' id='word_1_327' title='bbox 1349 4270 1533 4338; x_wconf 91' lang='lat' dir='ltr'><strong>potest</strong></span> 
     </span>
     <span class='ocr_line' id='line_1_55' title="bbox 354 4336 1529 4421; baseline 0.003 -30"><span class='ocrx_word' id='word_1_328' title='bbox 354 4336 445 4391; x_wconf 88' lang='lat' dir='ltr'><strong>bic</strong></span> <span class='ocrx_word' id='word_1_329' title='bbox 474 4337 716 4410; x_wconf 83' lang='lat' dir='ltr'><strong>intelligi</strong></span> <span class='ocrx_word' id='word_1_330' title='bbox 739 4341 1029 4421; x_wconf 87' lang='lat' dir='ltr'><strong>primitiva</strong></span> <span class='ocrx_word' id='word_1_331' title='bbox 1049 4339 1296 4396; x_wconf 85' lang='lat' dir='ltr'><strong>Ecclesia</strong></span> <span class='ocrx_word' id='word_1_332' title='bbox 1327 4356 1345 4394; x_wconf 73' lang='grc' dir='ltr'><strong><em>ε</em></strong></span> <span class='ocrx_word' id='word_1_333' title='bbox 1377 4352 1529 4409; x_wconf 85' lang='lat' dir='ltr'><strong>quae,</strong></span> 
     </span>
     <span class='ocr_line' id='line_1_56' title="bbox 356 4408 1537 4492; baseline 0.002 -30"><span class='ocrx_word' id='word_1_334' title='bbox 356 4408 577 4464; x_wconf 89' lang='lat' dir='ltr'><strong>ratione</strong></span> <span class='ocrx_word' id='word_1_335' title='bbox 597 4408 959 4491; x_wconf 78' lang='lat' dir='ltr'><strong>humilitatis,</strong></span> <span class='ocrx_word' id='word_1_336' title='bbox 981 4410 1324 4492; x_wconf 81' lang='lat' dir='ltr'><strong>paupertatis</strong></span> <span class='ocrx_word' id='word_1_337' title='bbox 1337 4416 1395 4467; x_wconf 91' lang='lat' dir='ltr'><strong>et</strong></span> <span class='ocrx_word' id='word_1_338' title='bbox 1414 4424 1537 4481; x_wconf 58' lang='lat' dir='ltr'><strong>pan</strong></span> 
     </span>
     <span class='ocr_line' id='line_1_57' title="bbox 355 4479 1540 4538; baseline 0.004 -7"><span class='ocrx_word' id='word_1_339' title='bbox 355 4492 441 4533; x_wconf 83' lang='lat' dir='ltr'><strong>vae</strong></span> <span class='ocrx_word' id='word_1_340' title='bbox 462 4479 821 4538; x_wconf 79' lang='lat' dir='ltr'><strong>credentium</strong></span> <span class='ocrx_word' id='word_1_341' title='bbox 838 4480 1218 4538; x_wconf 80' lang='lat' dir='ltr'><strong>multitudinis</strong></span> <span class='ocrx_word' id='word_1_342' title='bbox 1243 4481 1540 4538; x_wconf 87' lang='lat' dir='ltr'><strong>videbatur</strong></span> 
     </span>
    </p>
   </div>
   <div class='ocr_carea' id='block_1_9' title="bbox 483 4572 1330 4636">
    <p class='ocr_par' dir='ltr' id='par_1_9' title="bbox 483 4572 1330 4636">
     <span class='ocr_line' id='line_1_58' title="bbox 483 4572 1330 4636; baseline 0.001 -12"><span class='ocrx_word' id='word_1_343' title='bbox 483 4572 625 4625; x_wconf 76' lang='lat' dir='ltr'><strong>Vm</strong></span> <span class='ocrx_word' id='word_1_344' title='bbox 646 4575 781 4628; x_wconf 74' lang='lat' dir='ltr'><strong>stu</strong></span> <span class='ocrx_word' id='word_1_345' title='bbox 801 4575 1042 4636; x_wconf 73' lang='lat' dir='ltr'><strong>Canis-rx,</strong></span> <span class='ocrx_word' id='word_1_346' title='bbox 1062 4588 1234 4628; x_wconf 58' lang='lat' dir='ltr'><strong>sonus</strong></span> <span class='ocrx_word' id='word_1_347' title='bbox 1259 4575 1330 4627; x_wconf 89' lang='lat'><strong>11.</strong></span> 
     </span>
    </p>
   </div>
   <div class='ocr_carea' id='block_1_10' title="bbox 1605 853 2818 4486">
    <p class='ocr_par' dir='ltr' id='par_1_10' title="bbox 1605 853 2818 4486">
     <span class='ocr_line' id='line_1_59' title="bbox 1605 853 2768 925; baseline 0.003 -15"><span class='ocrx_word' id='word_1_348' title='bbox 1605 854 1706 910; x_wconf 89' lang='lat' dir='ltr'><strong>sed</strong></span> <span class='ocrx_word' id='word_1_349' title='bbox 1755 853 1970 910; x_wconf 77' lang='lat' dir='ltr'><strong>fervida</strong></span> <span class='ocrx_word' id='word_1_350' title='bbox 2009 858 2095 909; x_wconf 91' lang='lat' dir='ltr'><strong>est</strong></span> <span class='ocrx_word' id='word_1_351' title='bbox 2131 860 2364 925; x_wconf 91' lang='lat' dir='ltr'><strong>propter</strong></span> <span class='ocrx_word' id='word_1_352' title='bbox 2391 857 2639 913; x_wconf 91' lang='lat' dir='ltr'><strong>calorem</strong></span> <span class='ocrx_word' id='word_1_353' title='bbox 2674 858 2768 913; x_wconf 87' lang='lat' dir='ltr'><strong>di-</strong></span> 
     </span>
     <span class='ocr_line' id='line_1_60' title="bbox 1608 924 2773 998; baseline 0.004 -17"><span class='ocrx_word' id='word_1_354' title='bbox 1608 924 1883 992; x_wconf 85' lang='lat' dir='ltr'><strong>lectionis,</strong></span> <span class='ocrx_word' id='word_1_355' title='bbox 1923 938 2097 995; x_wconf 84' lang='lat' dir='ltr'><strong>parvo</strong></span> <span class='ocrx_word' id='word_1_356' title='bbox 2140 940 2314 993; x_wconf 69' lang='lat' dir='ltr'><strong>urano</strong></span> <span class='ocrx_word' id='word_1_357' title='bbox 2358 928 2575 998; x_wconf 83' lang='lat' dir='ltr'><strong>sinapis</strong></span> <span class='ocrx_word' id='word_1_358' title='bbox 2613 942 2773 985; x_wconf 91' lang='lat' dir='ltr'><strong>com-</strong></span> 
     </span>
     <span class='ocr_line' id='line_1_61' title="bbox 1608 995 2779 1070; baseline 0.004 -19"><span class='ocrx_word' id='word_1_359' title='bbox 1608 1001 1843 1067; x_wconf 91' lang='lat' dir='ltr'><strong>paratur</strong></span> <span class='ocrx_word' id='word_1_360' title='bbox 1858 1012 1874 1064; x_wconf 88' lang='lat'>;</span> <span class='ocrx_word' id='word_1_361' title='bbox 1893 995 2042 1065; x_wconf 76' lang='lat' dir='ltr'><strong>quod</strong></span> <span class='ocrx_word' id='word_1_362' title='bbox 2060 1011 2181 1052; x_wconf 83' lang='lat' dir='ltr'><strong>eum</strong></span> <span class='ocrx_word' id='word_1_363' title='bbox 2194 999 2271 1052; x_wconf 78' lang='lat' dir='ltr'><strong>sit</strong></span> <span class='ocrx_word' id='word_1_364' title='bbox 2288 998 2779 1070; x_wconf 79' lang='lat' dir='ltr'><strong>minimum,quan·</strong></span> 
     </span>
     <span class='ocr_line' id='line_1_62' title="bbox 1608 1067 2773 1149; baseline 0.003 -26"><span class='ocrx_word' id='word_1_365' title='bbox 1608 1067 1793 1135; x_wconf 87' lang='lat' dir='ltr'><strong>titate‚</strong></span> <span class='ocrx_word' id='word_1_366' title='bbox 1832 1071 2025 1124; x_wconf 90' lang='lat' dir='ltr'><strong>tamen</strong></span> <span class='ocrx_word' id='word_1_367' title='bbox 2055 1071 2140 1123; x_wconf 89' lang='lat' dir='ltr'><strong>est</strong></span> <span class='ocrx_word' id='word_1_368' title='bbox 2168 1082 2435 1149; x_wconf 84' lang='lat' dir='ltr'><strong>magnum</strong></span> <span class='ocrx_word' id='word_1_369' title='bbox 2476 1069 2534 1125; x_wconf 86' lang='lat' dir='ltr'><strong>in</strong></span> <span class='ocrx_word' id='word_1_370' title='bbox 2566 1070 2773 1127; x_wconf 89' lang='lat' dir='ltr'><strong>virtute</strong></span> 
     </span>
     <span class='ocr_line' id='line_1_63' title="bbox 1610 1138 2776 1208; baseline 0.005 -15"><span class='ocrx_word' id='word_1_371' title='bbox 1610 1142 1670 1194; x_wconf 88' lang='lat' dir='ltr'><strong>et</strong></span> <span class='ocrx_word' id='word_1_372' title='bbox 1693 1138 1903 1207; x_wconf 90' lang='lat' dir='ltr'><strong>calore,</strong></span> <span class='ocrx_word' id='word_1_373' title='bbox 1932 1152 2060 1208; x_wconf 78' lang='lat' dir='ltr'><strong>quae</strong></span> <span class='ocrx_word' id='word_1_374' title='bbox 2082 1138 2261 1195; x_wconf 90' lang='lat' dir='ltr'><strong>crevit</strong></span> <span class='ocrx_word' id='word_1_375' title='bbox 2280 1155 2337 1194; x_wconf 81' lang='lat' dir='ltr'><strong>in</strong></span> <span class='ocrx_word' id='word_1_376' title='bbox 2361 1140 2625 1196; x_wconf 85' lang='lat' dir='ltr'><strong>arborem</strong></span> <span class='ocrx_word' id='word_1_377' title='bbox 2650 1156 2776 1199; x_wconf 90' lang='lat' dir='ltr'><strong>ma-</strong></span> 
     </span>
     <span class='ocr_line' id='line_1_64' title="bbox 1611 1208 2770 1336; baseline 0.004 -72"><span class='ocrx_word' id='word_1_378' title='bbox 1611 1224 1808 1336; x_wconf 56' lang='lat' dir='ltr'><strong>gnam,</strong></span> <span class='ocrx_word' id='word_1_379' title='bbox 1829 1209 1962 1280; x_wconf 90' lang='lat' dir='ltr'><strong>quia</strong></span> <span class='ocrx_word' id='word_1_380' title='bbox 1990 1208 2199 1280; x_wconf 89' lang='lat' dir='ltr'><strong>ubique</strong></span> <span class='ocrx_word' id='word_1_381' title='bbox 2219 1208 2373 1265; x_wconf 88' lang='lat' dir='ltr'><strong>orbis</strong></span> <span class='ocrx_word' id='word_1_382' title='bbox 2397 1216 2482 1267; x_wconf 87' lang='lat' dir='ltr'><strong>est</strong></span> <span class='ocrx_word' id='word_1_383' title='bbox 2508 1227 2770 1283; x_wconf 88' lang='lat' dir='ltr'><strong>expansa,</strong></span> 
     </span>
     <span class='ocr_line' id='line_1_65' title="bbox 1653 1277 2778 1351; baseline 0.003 -16"><span class='ocrx_word' id='word_1_384' title='bbox 1653 1280 1829 1336; x_wconf 89' lang='lat' dir='ltr'><strong>abens</strong></span> <span class='ocrx_word' id='word_1_385' title='bbox 1860 1277 2108 1350; x_wconf 85' lang='lat' dir='ltr'><strong>stipitem</strong></span> <span class='ocrx_word' id='word_1_386' title='bbox 2147 1295 2249 1351; x_wconf 88' lang='lat' dir='ltr'><strong>per</strong></span> <span class='ocrx_word' id='word_1_387' title='bbox 2278 1296 2458 1351; x_wconf 90' lang='lat' dir='ltr'><strong>spem,</strong></span> <span class='ocrx_word' id='word_1_388' title='bbox 2490 1287 2548 1337; x_wconf 91' lang='lat' dir='ltr'><strong>et</strong></span> <span class='ocrx_word' id='word_1_389' title='bbox 2589 1299 2778 1340; x_wconf 81' lang='lat' dir='ltr'><strong>ramos</strong></span> 
     </span>
     <span class='ocr_line' id='line_1_66' title="bbox 1616 1350 2781 1422; baseline 0.004 -16"><span class='ocrx_word' id='word_1_390' title='bbox 1616 1351 1890 1407; x_wconf 87' lang='lat' dir='ltr'><strong>exaltatos</strong></span> <span class='ocrx_word' id='word_1_391' title='bbox 1911 1366 2015 1422; x_wconf 91' lang='lat' dir='ltr'><strong>per</strong></span> <span class='ocrx_word' id='word_1_392' title='bbox 2042 1350 2400 1408; x_wconf 89' lang='lat' dir='ltr'><strong>dilectionem</strong></span> <span class='ocrx_word' id='word_1_393' title='bbox 2434 1351 2554 1422; x_wconf 90' lang='lat' dir='ltr'><strong>Dei,</strong></span> <span class='ocrx_word' id='word_1_394' title='bbox 2585 1354 2781 1411; x_wconf 89' lang='lat' dir='ltr'><strong>dilata·</strong></span> 
     </span>
     <span class='ocr_line' id='line_1_67' title="bbox 1616 1422 2778 1496; baseline 0.004 -19"><span class='ocrx_word' id='word_1_395' title='bbox 1616 1427 1705 1477; x_wconf 90' lang='lat' dir='ltr'><strong>tos</strong></span> <span class='ocrx_word' id='word_1_396' title='bbox 1730 1437 1833 1492; x_wconf 86' lang='lat' dir='ltr'><strong>per</strong></span> <span class='ocrx_word' id='word_1_397' title='bbox 1877 1422 2172 1478; x_wconf 88' lang='lat' dir='ltr'><strong>caritatem</strong></span> <span class='ocrx_word' id='word_1_398' title='bbox 2226 1424 2490 1493; x_wconf 88' lang='lat' dir='ltr'><strong>proximi.</strong></span> <span class='ocrx_word' id='word_1_399' title='bbox 2519 1426 2647 1482; x_wconf 78' lang='lat' dir='ltr'><strong>Alta</strong></span> <span class='ocrx_word' id='word_1_400' title='bbox 2672 1433 2778 1496; x_wconf 90' lang='lat' dir='ltr'><strong>est,</strong></span> 
     </span>
     <span class='ocr_line' id='line_1_68' title="bbox 1618 1490 2781 1570; baseline 0.006 -23"><span class='ocrx_word' id='word_1_401' title='bbox 1618 1490 1753 1564; x_wconf 83' lang='lat' dir='ltr'><strong>quia</strong></span> <span class='ocrx_word' id='word_1_402' title='bbox 1775 1493 1849 1550; x_wconf 77' lang='lat' dir='ltr'><strong>ad</strong></span> <span class='ocrx_word' id='word_1_403' title='bbox 1875 1491 2122 1549; x_wconf 87' lang='lat' dir='ltr'><strong>coelestia</strong></span> <span class='ocrx_word' id='word_1_404' title='bbox 2142 1494 2383 1561; x_wconf 87' lang='lat' dir='ltr'><strong>sustulit,</strong></span> <span class='ocrx_word' id='word_1_405' title='bbox 2406 1496 2615 1567; x_wconf 88' lang='lat' dir='ltr'><strong>ampla,</strong></span> <span class='ocrx_word' id='word_1_406' title='bbox 2646 1497 2781 1570; x_wconf 88' lang='lat' dir='ltr'><strong>quia</strong></span> 
     </span>
     <span class='ocr_line' id='line_1_69' title="bbox 1617 1564 2780 1636; baseline 0.005 -17"><span class='ocrx_word' id='word_1_407' title='bbox 1617 1568 1799 1621; x_wconf 89' lang='lat' dir='ltr'><strong>totum</strong></span> <span class='ocrx_word' id='word_1_408' title='bbox 1830 1564 2104 1620; x_wconf 90' lang='lat' dir='ltr'><strong>mundum</strong></span> <span class='ocrx_word' id='word_1_409' title='bbox 2140 1567 2454 1636; x_wconf 90' lang='lat' dir='ltr'><strong>occupavit.</strong></span> <span class='ocrx_word' id='word_1_410' title='bbox 2481 1567 2658 1634; x_wconf 87' lang='lat' dir='ltr'><strong>Quam</strong></span> <span class='ocrx_word' id='word_1_411' title='bbox 2685 1584 2780 1625; x_wconf 55' lang='lat' dir='ltr'><strong>ars-</strong></span> 
     </span>
     <span class='ocr_line' id='line_1_70' title="bbox 1619 1635 2782 1706; baseline 0.005 -16"><span class='ocrx_word' id='word_1_412' title='bbox 1619 1635 1817 1691; x_wconf 90' lang='lat' dir='ltr'><strong>borem</strong></span> <span class='ocrx_word' id='word_1_413' title='bbox 1838 1635 2089 1691; x_wconf 86' lang='lat' dir='ltr'><strong>ascendit</strong></span> <span class='ocrx_word' id='word_1_414' title='bbox 2107 1635 2397 1706; x_wconf 84' lang='lat' dir='ltr'><strong>Zachaeus,</strong></span> <span class='ocrx_word' id='word_1_415' title='bbox 2414 1643 2476 1693; x_wconf 87' lang='lat' dir='ltr'><strong>nt</strong></span> <span class='ocrx_word' id='word_1_416' title='bbox 2498 1638 2782 1696; x_wconf 84' lang='lat' dir='ltr'><strong>Christum</strong></span> 
     </span>
     <span class='ocr_line' id='line_1_71' title="bbox 1622 1704 2784 1776; baseline 0.006 -15"><span class='ocrx_word' id='word_1_417' title='bbox 1622 1706 1866 1775; x_wconf 83' lang='lat' dir='ltr'><strong>videret3</strong></span> <span class='ocrx_word' id='word_1_418' title='bbox 1896 1704 2029 1776; x_wconf 86' lang='lat' dir='ltr'><strong>quia</strong></span> <span class='ocrx_word' id='word_1_419' title='bbox 2051 1706 2159 1762; x_wconf 91' lang='lat' dir='ltr'><strong>nisi</strong></span> <span class='ocrx_word' id='word_1_420' title='bbox 2184 1707 2246 1763; x_wconf 90' lang='lat' dir='ltr'><strong>in</strong></span> <span class='ocrx_word' id='word_1_421' title='bbox 2272 1708 2535 1765; x_wconf 79' lang='lat' dir='ltr'><strong>Ecclesiae</strong></span> <span class='ocrx_word' id='word_1_422' title='bbox 2564 1716 2621 1767; x_wconf 91' lang='lat' dir='ltr'><strong>et</strong></span> <span class='ocrx_word' id='word_1_423' title='bbox 2651 1710 2784 1767; x_wconf 84' lang='lat' dir='ltr'><strong>fldei</strong></span> 
     </span>
     <span class='ocr_line' id='line_1_72' title="bbox 1620 1776 2786 1839; baseline 0.003 -6"><span class='ocrx_word' id='word_1_424' title='bbox 1620 1777 1825 1833; x_wconf 87' lang='lat' dir='ltr'><strong>arbore</strong></span> <span class='ocrx_word' id='word_1_425' title='bbox 1856 1776 2110 1833; x_wconf 85' lang='lat' dir='ltr'><strong>Christus</strong></span> <span class='ocrx_word' id='word_1_426' title='bbox 2135 1792 2250 1834; x_wconf 90' lang='lat' dir='ltr'><strong>non</strong></span> <span class='ocrx_word' id='word_1_427' title='bbox 2282 1776 2522 1839; x_wconf 91' lang='lat' dir='ltr'><strong>videtur.</strong></span> <span class='ocrx_word' id='word_1_428' title='bbox 2543 1784 2617 1838; x_wconf 79' lang='lat' dir='ltr'><strong>Et</strong></span> <span class='ocrx_word' id='word_1_429' title='bbox 2635 1783 2786 1838; x_wconf 82' lang='lat' dir='ltr'><strong>volu-</strong></span> 
     </span>
     <span class='ocr_line' id='line_1_73' title="bbox 1621 1846 2787 1923; baseline 0.005 -19"><span class='ocrx_word' id='word_1_430' title='bbox 1621 1863 1735 1905; x_wconf 82' lang='lat' dir='ltr'><strong>cres</strong></span> <span class='ocrx_word' id='word_1_431' title='bbox 1763 1849 1902 1919; x_wconf 79' lang='lat' dir='ltr'><strong>coeli,</strong></span> <span class='ocrx_word' id='word_1_432' title='bbox 1918 1846 1977 1903; x_wconf 92' lang='lat' dir='ltr'><strong>id</strong></span> <span class='ocrx_word' id='word_1_433' title='bbox 2001 1852 2088 1904; x_wconf 84' lang='lat' dir='ltr'><strong>est</strong></span> <span class='ocrx_word' id='word_1_434' title='bbox 2115 1847 2401 1920; x_wconf 90' lang='lat' dir='ltr'><strong>principes</strong></span> <span class='ocrx_word' id='word_1_435' title='bbox 2427 1851 2594 1923; x_wconf 85' lang='lat' dir='ltr'><strong>hujus</strong></span> <span class='ocrx_word' id='word_1_436' title='bbox 2622 1868 2787 1909; x_wconf 91' lang='lat' dir='ltr'><strong>mun-</strong></span> 
     </span>
     <span class='ocr_line' id='line_1_74' title="bbox 1623 1919 2783 1995; baseline 0.003 -20"><span class='ocrx_word' id='word_1_437' title='bbox 1623 1920 1700 1987; x_wconf 93' lang='lat' dir='ltr'><strong>di,</strong></span> <span class='ocrx_word' id='word_1_438' title='bbox 1741 1919 1856 1976; x_wconf 91' lang='lat' dir='ltr'><strong>alta</strong></span> <span class='ocrx_word' id='word_1_439' title='bbox 1890 1924 2162 1990; x_wconf 89' lang='lat' dir='ltr'><strong>petentes,</strong></span> <span class='ocrx_word' id='word_1_440' title='bbox 2193 1920 2283 1976; x_wconf 85' lang='lat' dir='ltr'><strong>vel</strong></span> <span class='ocrx_word' id='word_1_441' title='bbox 2329 1920 2430 1976; x_wconf 90' lang='lat' dir='ltr'><strong>alti</strong></span> <span class='ocrx_word' id='word_1_442' title='bbox 2471 1923 2783 1995; x_wconf 87' lang='lat' dir='ltr'><strong>intellectu,</strong></span> 
     </span>
     <span class='ocr_line' id='line_1_75' title="bbox 1620 1989 2784 2063; baseline 0.004 -17"><span class='ocrx_word' id='word_1_443' title='bbox 1620 1989 1836 2046; x_wconf 88' lang='lat' dir='ltr'><strong>scilicet</strong></span> <span class='ocrx_word' id='word_1_444' title='bbox 1859 1990 2028 2062; x_wconf 86' lang='lat' dir='ltr'><strong>hujus</strong></span> <span class='ocrx_word' id='word_1_445' title='bbox 2056 1991 2254 2047; x_wconf 89' lang='lat' dir='ltr'><strong>mundi</strong></span> <span class='ocrx_word' id='word_1_446' title='bbox 2289 1992 2593 2063; x_wconf 89' lang='lat' dir='ltr'><strong>sapientes,</strong></span> <span class='ocrx_word' id='word_1_447' title='bbox 2626 1995 2784 2051; x_wconf 80' lang='lat' dir='ltr'><strong>habi-</strong></span> 
     </span>
     <span class='ocr_line' id='line_1_76' title="bbox 1622 2062 2788 2135; baseline 0.003 -17"><span class='ocrx_word' id='word_1_448' title='bbox 1622 2066 1746 2118; x_wconf 82' lang='lat' dir='ltr'><strong>tant</strong></span> <span class='ocrx_word' id='word_1_449' title='bbox 1780 2064 1843 2116; x_wconf 82' lang='lat' dir='ltr'><strong>in</strong></span> <span class='ocrx_word' id='word_1_450' title='bbox 1868 2063 2042 2117; x_wconf 80' lang='lat' dir='ltr'><strong>ramis</strong></span> <span class='ocrx_word' id='word_1_451' title='bbox 2080 2062 2219 2132; x_wconf 80' lang='lat' dir='ltr'><strong>ejus,</strong></span> <span class='ocrx_word' id='word_1_452' title='bbox 2245 2064 2377 2118; x_wconf 88' lang='lat' dir='ltr'><strong>etei</strong></span> <span class='ocrx_word' id='word_1_453' title='bbox 2415 2065 2656 2135; x_wconf 84' lang='lat' dir='ltr'><strong>subjecti</strong></span> <span class='ocrx_word' id='word_1_454' title='bbox 2692 2081 2788 2122; x_wconf 89' lang='lat' dir='ltr'><strong>re·-</strong></span> 
     </span>
     <span class='ocr_line' id='line_1_77' title="bbox 1624 2131 2785 2205; baseline 0.005 -18"><span class='ocrx_word' id='word_1_455' title='bbox 1624 2137 1836 2204; x_wconf 82' lang='lat' dir='ltr'><strong>guntur</strong></span> <span class='ocrx_word' id='word_1_456' title='bbox 1861 2133 1984 2203; x_wconf 76' lang='lat' dir='ltr'><strong>eJus</strong></span> <span class='ocrx_word' id='word_1_457' title='bbox 2005 2131 2262 2189; x_wconf 91' lang='lat' dir='ltr'><strong>consilio.</strong></span> <span class='ocrx_word' id='word_1_458' title='bbox 2283 2133 2406 2202; x_wconf 89' lang='lat' dir='ltr'><strong>Vel,</strong></span> <span class='ocrx_word' id='word_1_459' title='bbox 2433 2136 2698 2205; x_wconf 79' lang='lat' dir='ltr'><strong>volucres,</strong></span> <span class='ocrx_word' id='word_1_460' title='bbox 2731 2138 2785 2192; x_wconf 87' lang='lat' dir='ltr'><strong>id</strong></span> 
     </span>
     <span class='ocr_line' id='line_1_78' title="bbox 1625 2202 2790 2276; baseline 0.003 -16"><span class='ocrx_word' id='word_1_461' title='bbox 1625 2208 1708 2260; x_wconf 84' lang='lat' dir='ltr'><strong>est</strong></span> <span class='ocrx_word' id='word_1_462' title='bbox 1736 2204 1950 2275; x_wconf 87' lang='lat' dir='ltr'><strong>Sancti,</strong></span> <span class='ocrx_word' id='word_1_463' title='bbox 1972 2202 2070 2275; x_wconf 90' lang='lat' dir='ltr'><strong>qui</strong></span> <span class='ocrx_word' id='word_1_464' title='bbox 2086 2204 2290 2276; x_wconf 89' lang='lat' dir='ltr'><strong>pennis</strong></span> <span class='ocrx_word' id='word_1_465' title='bbox 2304 2204 2577 2262; x_wconf 86' lang='lat' dir='ltr'><strong>virtutum</strong></span> <span class='ocrx_word' id='word_1_466' title='bbox 2600 2205 2659 2262; x_wconf 91' lang='lat' dir='ltr'><strong>in</strong></span> <span class='ocrx_word' id='word_1_467' title='bbox 2675 2207 2790 2263; x_wconf 87' lang='lat' dir='ltr'><strong>alta</strong></span> 
     </span>
     <span class='ocr_line' id='line_1_79' title="bbox 1624 2274 2815 2345; baseline 0.003 -15"><span class='ocrx_word' id='word_1_468' title='bbox 1624 2274 1953 2344; x_wconf 87' lang='lat' dir='ltr'><strong>ascendunt,</strong></span> <span class='ocrx_word' id='word_1_469' title='bbox 1988 2281 2046 2330; x_wconf 90' lang='lat' dir='ltr'><strong>et</strong></span> <span class='ocrx_word' id='word_1_470' title='bbox 2093 2275 2164 2331; x_wconf 87' lang='lat' dir='ltr'><strong>ad</strong></span> <span class='ocrx_word' id='word_1_471' title='bbox 2215 2277 2447 2345; x_wconf 83' lang='lat' dir='ltr'><strong>praemia</strong></span> <span class='ocrx_word' id='word_1_472' title='bbox 2481 2278 2815 2334; x_wconf 82' lang='lat' dir='ltr'><strong>coelestium‘</strong></span> 
     </span>
     <span class='ocr_line' id='line_1_80' title="bbox 1624 2345 2793 2418; baseline 0.003 -15"><span class='ocrx_word' id='word_1_473' title='bbox 1624 2345 1906 2404; x_wconf 89' lang='lat' dir='ltr'><strong>bonorum</strong></span> <span class='ocrx_word' id='word_1_474' title='bbox 1937 2345 2127 2403; x_wconf 90' lang='lat' dir='ltr'><strong>volare</strong></span> <span class='ocrx_word' id='word_1_475' title='bbox 2144 2348 2514 2418; x_wconf 90' lang='lat' dir='ltr'><strong>contendunt,</strong></span> <span class='ocrx_word' id='word_1_476' title='bbox 2537 2350 2793 2406; x_wconf 78' lang='lat' dir='ltr'><strong>habitant</strong></span> 
     </span>
     <span class='ocr_line' id='line_1_81' title="bbox 1627 2417 2792 2494; baseline 0.003 -19"><span class='ocrx_word' id='word_1_477' title='bbox 1627 2421 1688 2475; x_wconf 82' lang='lat' dir='ltr'><strong>in</strong></span> <span class='ocrx_word' id='word_1_478' title='bbox 1713 2420 1887 2475; x_wconf 79' lang='lat' dir='ltr'><strong>ramis</strong></span> <span class='ocrx_word' id='word_1_479' title='bbox 1918 2417 2058 2489; x_wconf 73' lang='lat' dir='ltr'><strong>ejus,</strong></span> <span class='ocrx_word' id='word_1_480' title='bbox 2090 2418 2148 2474; x_wconf 93' lang='lat' dir='ltr'><strong>id</strong></span> <span class='ocrx_word' id='word_1_481' title='bbox 2187 2423 2275 2475; x_wconf 88' lang='lat' dir='ltr'><strong>est</strong></span> <span class='ocrx_word' id='word_1_482' title='bbox 2324 2419 2383 2475; x_wconf 92' lang='lat' dir='ltr'><strong>in</strong></span> <span class='ocrx_word' id='word_1_483' title='bbox 2413 2419 2645 2477; x_wconf 87' lang='lat' dir='ltr'><strong>diversis</strong></span> <span class='ocrx_word' id='word_1_484' title='bbox 2670 2422 2792 2494; x_wconf 89' lang='lat' dir='ltr'><strong>ejus</strong></span> 
     </span>
     <span class='ocr_line' id='line_1_82' title="bbox 1628 2487 2793 2563; baseline 0.002 -15"><span class='ocrx_word' id='word_1_485' title='bbox 1628 2487 1924 2548; x_wconf 88' lang='lat' dir='ltr'><strong>sententiis</strong></span> <span class='ocrx_word' id='word_1_486' title='bbox 1956 2489 2364 2563; x_wconf 85' lang='lat' dir='ltr'><strong>spiritualibus.</strong></span> <span class='ocrx_word' id='word_1_487' title='bbox 2407 2492 2571 2549; x_wconf 86' lang='lat' dir='ltr'><strong>Rami</strong></span> <span class='ocrx_word' id='word_1_488' title='bbox 2603 2494 2793 2550; x_wconf 90' lang='lat' dir='ltr'><strong>Evan-</strong></span> 
     </span>
     <span class='ocr_line' id='line_1_83' title="bbox 1629 2561 2796 2634; baseline 0.004 -17"><span class='ocrx_word' id='word_1_489' title='bbox 1629 2563 1825 2634; x_wconf 83' lang='lat' dir='ltr'><strong>gelicae</strong></span> <span class='ocrx_word' id='word_1_490' title='bbox 1854 2562 2077 2619; x_wconf 90' lang='lat' dir='ltr'><strong>arboris</strong></span> <span class='ocrx_word' id='word_1_491' title='bbox 2099 2569 2230 2618; x_wconf 90' lang='lat' dir='ltr'><strong>sunt</strong></span> <span class='ocrx_word' id='word_1_492' title='bbox 2252 2561 2583 2632; x_wconf 81' lang='lat' dir='ltr'><strong>dogmatum</strong></span> <span class='ocrx_word' id='word_1_493' title='bbox 2613 2566 2796 2622; x_wconf 91' lang='lat' dir='ltr'><strong>diver-</strong></span> 
     </span>
     <span class='ocr_line' id='line_1_84' title="bbox 1629 2634 2792 2707; baseline 0.003 -18"><span class='ocrx_word' id='word_1_494' title='bbox 1629 2634 1843 2702; x_wconf 89' lang='lat' dir='ltr'><strong>sitates,</strong></span> <span class='ocrx_word' id='word_1_495' title='bbox 1876 2638 1940 2687; x_wconf 91' lang='lat' dir='ltr'><strong>ut</strong></span> <span class='ocrx_word' id='word_1_496' title='bbox 1976 2645 2078 2703; x_wconf 92' lang='lat' dir='ltr'><strong>pro</strong></span> <span class='ocrx_word' id='word_1_497' title='bbox 2126 2634 2402 2689; x_wconf 83' lang='lat' dir='ltr'><strong>varietate</strong></span> <span class='ocrx_word' id='word_1_498' title='bbox 2441 2636 2792 2707; x_wconf 90' lang='lat' dir='ltr'><strong>morborum,</strong></span> 
     </span>
     <span class='ocr_line' id='line_1_85' title="bbox 1632 2702 2793 2777; baseline 0.006 -19"><span class='ocrx_word' id='word_1_499' title='bbox 1632 2704 1790 2761; x_wconf 85' lang='lat' dir='ltr'><strong>varia</strong></span> <span class='ocrx_word' id='word_1_500' title='bbox 1840 2703 1915 2764; x_wconf 87' lang='lat' dir='ltr'><strong>sit</strong></span> <span class='ocrx_word' id='word_1_501' title='bbox 1954 2702 2279 2773; x_wconf 82' lang='lat' dir='ltr'><strong>medicina3</strong></span> <span class='ocrx_word' id='word_1_502' title='bbox 2323 2703 2383 2759; x_wconf 91' lang='lat' dir='ltr'><strong>in</strong></span> <span class='ocrx_word' id='word_1_503' title='bbox 2422 2706 2627 2777; x_wconf 91' lang='lat' dir='ltr'><strong>quibus</strong></span> <span class='ocrx_word' id='word_1_504' title='bbox 2653 2724 2793 2764; x_wconf 91' lang='lat' dir='ltr'><strong>una-</strong></span> 
     </span>
     <span class='ocr_line' id='line_1_86' title="bbox 1633 2774 2797 2847; baseline 0.003 -16"><span class='ocrx_word' id='word_1_505' title='bbox 1633 2790 1873 2847; x_wconf 82' lang='lat' dir='ltr'><strong>quaeque</strong></span> <span class='ocrx_word' id='word_1_506' title='bbox 1900 2774 2213 2845; x_wconf 89' lang='lat' dir='ltr'><strong>volucrum,</strong></span> <span class='ocrx_word' id='word_1_507' title='bbox 2253 2775 2311 2831; x_wconf 92' lang='lat' dir='ltr'><strong>id</strong></span> <span class='ocrx_word' id='word_1_508' title='bbox 2358 2782 2441 2831; x_wconf 90' lang='lat' dir='ltr'><strong>est</strong></span> <span class='ocrx_word' id='word_1_509' title='bbox 2477 2779 2797 2836; x_wconf 90' lang='lat' dir='ltr'><strong>animarum</strong></span> 
     </span>
     <span class='ocr_line' id='line_1_87' title="bbox 1628 2846 2796 2919; baseline 0.004 -19"><span class='ocrx_word' id='word_1_510' title='bbox 1628 2848 1932 2919; x_wconf 74' lang='lat' dir='ltr'><strong>Justarum,</strong></span> <span class='ocrx_word' id='word_1_511' title='bbox 1975 2846 2299 2915; x_wconf 87' lang='lat' dir='ltr'><strong>requiescit.</strong></span> <span class='ocrx_word' id='word_1_512' title='bbox 2340 2847 2611 2904; x_wconf 82' lang='lat' dir='ltr'><strong>volucres</strong></span> <span class='ocrx_word' id='word_1_513' title='bbox 2643 2851 2796 2905; x_wconf 91' lang='lat' dir='ltr'><strong>enim</strong></span> 
     </span>
     <span class='ocr_line' id='line_1_88' title="bbox 1634 2916 2799 2987; baseline 0.002 -13"><span class='ocrx_word' id='word_1_514' title='bbox 1634 2917 1760 2974; x_wconf 88' lang='lat' dir='ltr'><strong>coeli</strong></span> <span class='ocrx_word' id='word_1_515' title='bbox 1789 2920 1922 2972; x_wconf 90' lang='lat' dir='ltr'><strong>sunt</strong></span> <span class='ocrx_word' id='word_1_516' title='bbox 1973 2916 2181 2972; x_wconf 85' lang='lat' dir='ltr'><strong>animae</strong></span> <span class='ocrx_word' id='word_1_517' title='bbox 2229 2916 2443 2985; x_wconf 84' lang='lat' dir='ltr'><strong>fideles,</strong></span> <span class='ocrx_word' id='word_1_518' title='bbox 2474 2934 2603 2987; x_wconf 82' lang='lat' dir='ltr'><strong>quae</strong></span> <span class='ocrx_word' id='word_1_519' title='bbox 2639 2935 2738 2975; x_wconf 89' lang='lat' dir='ltr'><strong>cor</strong></span> <span class='ocrx_word' id='word_1_520' title='bbox 2764 2935 2799 2974; x_wconf 86' lang='lat' dir='ltr'><strong>a</strong></span> 
     </span>
     <span class='ocr_line' id='line_1_89' title="bbox 1632 2986 2799 3059; baseline 0.001 -14"><span class='ocrx_word' id='word_1_521' title='bbox 1632 2987 1879 3045; x_wconf 89' lang='lat' dir='ltr'><strong>terrenis</strong></span> <span class='ocrx_word' id='word_1_522' title='bbox 1906 2986 2158 3042; x_wconf 86' lang='lat' dir='ltr'><strong>levantes</strong></span> <span class='ocrx_word' id='word_1_523' title='bbox 2187 2987 2258 3042; x_wconf 94' lang='lat' dir='ltr'><strong>ad</strong></span> <span class='ocrx_word' id='word_1_524' title='bbox 2288 2987 2538 3043; x_wconf 88' lang='lat' dir='ltr'><strong>coelestia</strong></span> <span class='ocrx_word' id='word_1_525' title='bbox 2569 3005 2669 3059; x_wconf 91' lang='lat' dir='ltr'><strong>per</strong></span> <span class='ocrx_word' id='word_1_526' title='bbox 2698 2991 2799 3045; x_wconf 92' lang='lat' dir='ltr'><strong>de-</strong></span> 
     </span>
     <span class='ocr_line' id='line_1_90' title="bbox 1634 3056 2769 3133; baseline 0.001 -18"><span class='ocrx_word' id='word_1_527' title='bbox 1634 3059 1905 3115; x_wconf 89' lang='lat' dir='ltr'><strong>siderium</strong></span> <span class='ocrx_word' id='word_1_528' title='bbox 1926 3056 2157 3111; x_wconf 86' lang='lat' dir='ltr'><strong>volant:</strong></span> <span class='ocrx_word' id='word_1_529' title='bbox 2187 3061 2263 3125; x_wconf 89' lang='lat' dir='ltr'><strong>et,</strong></span> <span class='ocrx_word' id='word_1_530' title='bbox 2286 3057 2559 3128; x_wconf 88' lang='lat' dir='ltr'><strong>neglectis</strong></span> <span class='ocrx_word' id='word_1_531' title='bbox 2578 3067 2769 3133; x_wconf 89' lang='lat' dir='ltr'><strong>tempo</strong></span> 
     </span>
     <span class='ocr_line' id='line_1_91' title="bbox 1633 3127 2801 3201; baseline 0.003 -15"><span class='ocrx_word' id='word_1_532' title='bbox 1633 3130 1839 3187; x_wconf 91' lang='lat' dir='ltr'><strong>ralium</strong></span> <span class='ocrx_word' id='word_1_533' title='bbox 1877 3142 2072 3183; x_wconf 92' lang='lat' dir='ltr'><strong>rerum</strong></span> <span class='ocrx_word' id='word_1_534' title='bbox 2111 3127 2537 3201; x_wconf 86' lang='lat' dir='ltr'><strong>cupiditatibus,</strong></span> <span class='ocrx_word' id='word_1_535' title='bbox 2576 3147 2801 3189; x_wconf 88' lang='lat' dir='ltr'><strong>sursum</strong></span> 
     </span>
     <span class='ocr_line' id='line_1_92' title="bbox 1636 3198 2802 3276; baseline 0.001 -18"><span class='ocrx_word' id='word_1_536' title='bbox 1636 3217 1734 3258; x_wconf 91' lang='lat' dir='ltr'><strong>cor</strong></span> <span class='ocrx_word' id='word_1_537' title='bbox 1764 3199 1981 3256; x_wconf 88' lang='lat' dir='ltr'><strong>habent</strong></span> <span class='ocrx_word' id='word_1_538' title='bbox 2029 3198 2088 3254; x_wconf 89' lang='lat' dir='ltr'><strong>in</strong></span> <span class='ocrx_word' id='word_1_539' title='bbox 2140 3199 2479 3271; x_wconf 75' lang='lat' dir='ltr'><strong>coelestibuS,</strong></span> <span class='ocrx_word' id='word_1_540' title='bbox 2527 3209 2696 3276; x_wconf 83' lang='lat' dir='ltr'><strong>atque</strong></span> <span class='ocrx_word' id='word_1_541' title='bbox 2744 3205 2802 3259; x_wconf 90' lang='lat' dir='ltr'><strong>in</strong></span> 
     </span>
     <span class='ocr_line' id='line_1_93' title="bbox 1637 3270 2800 3333; baseline 0.002 -4"><span class='ocrx_word' id='word_1_542' title='bbox 1637 3274 1975 3330; x_wconf 90' lang='lat' dir='ltr'><strong>Sanctorum</strong></span> <span class='ocrx_word' id='word_1_543' title='bbox 2015 3270 2182 3326; x_wconf 89' lang='lat' dir='ltr'><strong>dictis</strong></span> <span class='ocrx_word' id='word_1_544' title='bbox 2226 3276 2284 3328; x_wconf 84' lang='lat' dir='ltr'><strong>et</strong></span> <span class='ocrx_word' id='word_1_545' title='bbox 2317 3274 2800 3333; x_wconf 89' lang='lat' dir='ltr'><strong>consolationibus</strong></span> 
     </span>
     <span class='ocr_line' id='line_1_94' title="bbox 1634 3341 2806 3423; baseline 0.003 -23"><span class='ocrx_word' id='word_1_546' title='bbox 1634 3344 1945 3423; x_wconf 61' lang='lat' dir='ltr'><strong>respirant,</strong></span> <span class='ocrx_word' id='word_1_547' title='bbox 1959 3348 2017 3398; x_wconf 90' lang='lat' dir='ltr'><strong>et</strong></span> <span class='ocrx_word' id='word_1_548' title='bbox 2044 3341 2410 3414; x_wconf 89' lang='lat' dir='ltr'><strong>requiescunt</strong></span> <span class='ocrx_word' id='word_1_549' title='bbox 2437 3345 2509 3401; x_wconf 87' lang='lat' dir='ltr'><strong>ab</strong></span> <span class='ocrx_word' id='word_1_550' title='bbox 2539 3348 2707 3421; x_wconf 86' lang='lat' dir='ltr'><strong>hujus</strong></span> <span class='ocrx_word' id='word_1_551' title='bbox 2727 3348 2806 3403; x_wconf 86' lang='lat' dir='ltr'><strong>vi·</strong></span> 
     </span>
     <span class='ocr_line' id='line_1_95' title="bbox 1634 3414 2802 3486; baseline 0.005 -15"><span class='ocrx_word' id='word_1_552' title='bbox 1634 3421 1709 3472; x_wconf 78' lang='lat' dir='ltr'><strong>tae</strong></span> <span class='ocrx_word' id='word_1_553' title='bbox 1728 3414 2174 3486; x_wconf 61' lang='lat' dir='ltr'><strong>fatigationibus</strong></span> <span class='ocrx_word' id='word_1_554' title='bbox 2189 3416 2347 3472; x_wconf 92' lang='lat' dir='ltr'><strong>Unde</strong></span> <span class='ocrx_word' id='word_1_555' title='bbox 2368 3414 2446 3472; x_wconf 85' lang='lat' dir='ltr'><strong>ait</strong></span> <span class='ocrx_word' id='word_1_556' title='bbox 2468 3418 2766 3476; x_wconf 87' lang='lat' dir='ltr'><strong>Psalmista</strong></span> <span class='ocrx_word' id='word_1_557' title='bbox 2787 3436 2802 3476; x_wconf 73' lang='grc' dir='ltr'>ε</span> 
     </span>
     <span class='ocr_line' id='line_1_96' title="bbox 1634 3486 2804 3559; baseline 0.005 -20"><span class='ocrx_word' id='word_1_558' title='bbox 1634 3488 1769 3555; x_wconf 79' lang='lat' dir='ltr'><strong>Quis</strong></span> <span class='ocrx_word' id='word_1_559' title='bbox 1793 3486 1951 3541; x_wconf 76' lang='lat' dir='ltr'><strong>dabit</strong></span> <span class='ocrx_word' id='word_1_560' title='bbox 1971 3486 2113 3541; x_wconf 78' lang='lat' dir='ltr'><strong>mihi</strong></span> <span class='ocrx_word' id='word_1_561' title='bbox 2131 3502 2339 3559; x_wconf 81' lang='lat' dir='ltr'><strong>pennas</strong></span> <span class='ocrx_word' id='word_1_562' title='bbox 2363 3490 2508 3545; x_wconf 80' lang='lat' dir='ltr'><strong>sicut</strong></span> <span class='ocrx_word' id='word_1_563' title='bbox 2526 3491 2804 3558; x_wconf 82' lang='lat' dir='ltr'><strong>columbae,</strong></span> 
     </span>
     <span class='ocr_line' id='line_1_97' title="bbox 1635 3558 2809 3629; baseline 0 -14"><span class='ocrx_word' id='word_1_564' title='bbox 1635 3563 1688 3615; x_wconf 84' lang='lat' dir='ltr'><strong>et</strong></span> <span class='ocrx_word' id='word_1_565' title='bbox 1714 3558 1908 3614; x_wconf 71' lang='lat' dir='ltr'><strong>volabo</strong></span> <span class='ocrx_word' id='word_1_566' title='bbox 1945 3562 1998 3613; x_wconf 79' lang='lat' dir='ltr'><strong>et</strong></span> <span class='ocrx_word' id='word_1_567' title='bbox 2017 3561 2356 3629; x_wconf 79' lang='lat' dir='ltr'><strong>requiescam</strong></span> <span class='ocrx_word' id='word_1_568' title='bbox 2380 3561 2410 3614; x_wconf 72' lang='grc'><em>7</em></span> <span class='ocrx_word' id='word_1_569' title='bbox 2438 3561 2809 3617; x_wconf 84' lang='lat' dir='ltr'><strong>Assumamus</strong></span> 
     </span>
     <span class='ocr_line' id='line_1_98' title="bbox 1636 3631 2807 3702; baseline -0.001 -16"><span class='ocrx_word' id='word_1_570' title='bbox 1636 3645 1774 3702; x_wconf 90' lang='lat' dir='ltr'><strong>ergo</strong></span> <span class='ocrx_word' id='word_1_571' title='bbox 1811 3635 1871 3686; x_wconf 92' lang='lat' dir='ltr'><strong>et</strong></span> <span class='ocrx_word' id='word_1_572' title='bbox 1898 3644 2001 3685; x_wconf 90' lang='lat' dir='ltr'><strong>nos</strong></span> <span class='ocrx_word' id='word_1_573' title='bbox 2031 3644 2249 3701; x_wconf 86' lang='lat' dir='ltr'><strong>pennas</strong></span> <span class='ocrx_word' id='word_1_574' title='bbox 2284 3631 2582 3700; x_wconf 79' lang='lat' dir='ltr'><strong>columbae,</strong></span> <span class='ocrx_word' id='word_1_575' title='bbox 2614 3637 2700 3700; x_wconf 89' lang='lat' dir='ltr'><strong>ut,</strong></span> <span class='ocrx_word' id='word_1_576' title='bbox 2735 3631 2807 3685; x_wconf 85' lang='lat' dir='ltr'><strong>ad</strong></span> 
     </span>
     <span class='ocr_line' id='line_1_99' title="bbox 1637 3699 2809 3771; baseline 0 -15"><span class='ocrx_word' id='word_1_577' title='bbox 1637 3701 1844 3757; x_wconf 87' lang='lat' dir='ltr'><strong>altiora</strong></span> <span class='ocrx_word' id='word_1_578' title='bbox 1899 3700 2174 3770; x_wconf 86' lang='lat' dir='ltr'><strong>volantes,</strong></span> <span class='ocrx_word' id='word_1_579' title='bbox 2218 3699 2494 3771; x_wconf 88' lang='lat' dir='ltr'><strong>possimus</strong></span> <span class='ocrx_word' id='word_1_580' title='bbox 2533 3703 2592 3756; x_wconf 89' lang='lat' dir='ltr'><strong>in</strong></span> <span class='ocrx_word' id='word_1_581' title='bbox 2635 3700 2809 3757; x_wconf 84' lang='lat' dir='ltr'><strong>ramis</strong></span> 
     </span>
     <span class='ocr_line' id='line_1_100' title="bbox 1636 3769 2808 3840; baseline 0 -14"><span class='ocrx_word' id='word_1_582' title='bbox 1636 3771 1806 3840; x_wconf 83' lang='lat' dir='ltr'><strong>hujus</strong></span> <span class='ocrx_word' id='word_1_583' title='bbox 1854 3769 2076 3824; x_wconf 88' lang='lat' dir='ltr'><strong>arboris</strong></span> <span class='ocrx_word' id='word_1_584' title='bbox 2129 3771 2388 3827; x_wconf 89' lang='lat' dir='ltr'><strong>habitare</strong></span> <span class='ocrx_word' id='word_1_585' title='bbox 2411 3811 2428 3840; x_wconf 89' lang='lat'><strong>,</strong></span> <span class='ocrx_word' id='word_1_586' title='bbox 2467 3778 2524 3827; x_wconf 89' lang='lat' dir='ltr'><strong>et</strong></span> <span class='ocrx_word' id='word_1_587' title='bbox 2578 3771 2808 3827; x_wconf 88' lang='lat' dir='ltr'><strong>nidulos</strong></span> 
     </span>
     <span class='ocr_line' id='line_1_101' title="bbox 1639 3838 2808 3909; baseline 0.001 -12"><span class='ocrx_word' id='word_1_588' title='bbox 1639 3838 2027 3897; x_wconf 90' lang='lat' dir='ltr'><strong>doctrinarum</strong></span> <span class='ocrx_word' id='word_1_589' title='bbox 2056 3840 2223 3897; x_wconf 89' lang='lat' dir='ltr'><strong>nobis</strong></span> <span class='ocrx_word' id='word_1_590' title='bbox 2239 3841 2449 3909; x_wconf 77' lang='lat' dir='ltr'><strong>facere,</strong></span> <span class='ocrx_word' id='word_1_591' title='bbox 2468 3847 2695 3898; x_wconf 90' lang='lat' dir='ltr'><strong>terrena</strong></span> <span class='ocrx_word' id='word_1_592' title='bbox 2738 3858 2808 3898; x_wconf 86' lang='lat' dir='ltr'><strong>ue</strong></span> 
     </span>
     <span class='ocr_line' id='line_1_102' title="bbox 1637 3909 2802 3983; baseline 0.003 -16"><span class='ocrx_word' id='word_1_593' title='bbox 1637 3909 1943 3983; x_wconf 76' lang='lat' dir='ltr'><strong>fugientes,</strong></span> <span class='ocrx_word' id='word_1_594' title='bbox 1973 3909 2045 3964; x_wconf 87' lang='lat' dir='ltr'><strong>ad</strong></span> <span class='ocrx_word' id='word_1_595' title='bbox 2076 3910 2326 3966; x_wconf 88' lang='lat' dir='ltr'><strong>coelestia</strong></span> <span class='ocrx_word' id='word_1_596' title='bbox 2360 3910 2652 3970; x_wconf 77' lang='lat' dir='ltr'><strong>festinare.</strong></span> <span class='ocrx_word' id='word_1_597' title='bbox 2737 3928 2802 3969; x_wconf 87' lang='lat' dir='ltr'><strong>a·-</strong></span> 
     </span>
     <span class='ocr_line' id='line_1_103' title="bbox 1640 3980 2807 4055; baseline 0.003 -18"><span class='ocrx_word' id='word_1_598' title='bbox 1640 3996 1815 4055; x_wconf 88' lang='lat' dir='ltr'><strong>gnum</strong></span> <span class='ocrx_word' id='word_1_599' title='bbox 1839 3993 2063 4051; x_wconf 89' lang='lat' dir='ltr'><strong>quoque</strong></span> <span class='ocrx_word' id='word_1_600' title='bbox 2093 3986 2151 4035; x_wconf 91' lang='lat' dir='ltr'><strong>et</strong></span> <span class='ocrx_word' id='word_1_601' title='bbox 2175 3980 2401 4037; x_wconf 76' lang='lat' dir='ltr'><strong>fervens</strong></span> <span class='ocrx_word' id='word_1_602' title='bbox 2423 3982 2496 4039; x_wconf 88' lang='lat' dir='ltr'><strong>sit</strong></span> <span class='ocrx_word' id='word_1_603' title='bbox 2517 3984 2682 4040; x_wconf 92' lang='lat' dir='ltr'><strong>nobis</strong></span> <span class='ocrx_word' id='word_1_604' title='bbox 2709 3985 2807 4040; x_wconf 88' lang='lat' dir='ltr'><strong>de·</strong></span> 
     </span>
     <span class='ocr_line' id='line_1_104' title="bbox 1638 4050 2809 4123; baseline 0 -13"><span class='ocrx_word' id='word_1_605' title='bbox 1638 4052 1910 4110; x_wconf 90' lang='lat' dir='ltr'><strong>siderium</strong></span> <span class='ocrx_word' id='word_1_606' title='bbox 1962 4050 2244 4106; x_wconf 87' lang='lat' dir='ltr'><strong>exaltandi</strong></span> <span class='ocrx_word' id='word_1_607' title='bbox 2296 4052 2470 4109; x_wconf 84' lang='lat' dir='ltr'><strong>fidem</strong></span> <span class='ocrx_word' id='word_1_608' title='bbox 2533 4061 2809 4123; x_wconf 88' lang='lat' dir='ltr'><strong>nostram,</strong></span> 
     </span>
     <span class='ocr_line' id='line_1_105' title="bbox 1642 4120 2815 4183; baseline 0.002 -2"><span class='ocrx_word' id='word_1_609' title='bbox 1642 4130 1705 4182; x_wconf 89' lang='lat' dir='ltr'><strong>ut</strong></span> <span class='ocrx_word' id='word_1_610' title='bbox 1727 4120 2000 4180; x_wconf 89' lang='lat' dir='ltr'><strong>Dominus</strong></span> <span class='ocrx_word' id='word_1_611' title='bbox 2035 4122 2194 4179; x_wconf 85' lang='lat' dir='ltr'><strong>Jesus</strong></span> <span class='ocrx_word' id='word_1_612' title='bbox 2233 4123 2493 4182; x_wconf 86' lang='lat' dir='ltr'><strong>Christus</strong></span> <span class='ocrx_word' id='word_1_613' title='bbox 2525 4127 2599 4183; x_wconf 91' lang='lat' dir='ltr'><strong>ab</strong></span> <span class='ocrx_word' id='word_1_614' title='bbox 2629 4127 2815 4183; x_wconf 90' lang='lat' dir='ltr'><strong>omni·</strong></span> 
     </span>
     <span class='ocr_line' id='line_1_106' title="bbox 1642 4191 2812 4266; baseline 0.003 -15"><span class='ocrx_word' id='word_1_615' title='bbox 1642 4196 1751 4253; x_wconf 87' lang='lat' dir='ltr'><strong>bus</strong></span> <span class='ocrx_word' id='word_1_616' title='bbox 1780 4191 2063 4257; x_wconf 83' lang='lat' dir='ltr'><strong>timeatur,</strong></span> <span class='ocrx_word' id='word_1_617' title='bbox 2096 4200 2469 4266; x_wconf 89' lang='lat' dir='ltr'><strong>cognoscatur</strong></span> <span class='ocrx_word' id='word_1_618' title='bbox 2493 4204 2549 4254; x_wconf 90' lang='lat' dir='ltr'><strong>et</strong></span> <span class='ocrx_word' id='word_1_619' title='bbox 2571 4202 2812 4255; x_wconf 85' lang='lat' dir='ltr'><strong>ametur.</strong></span> 
     </span>
     <span class='ocr_line' id='line_1_107' title="bbox 1725 4265 2817 4340; baseline 0.004 -18"><span class='ocrx_word' id='word_1_620' title='bbox 1725 4286 1780 4322; x_wconf 88' lang='grc' dir='ltr'><strong>ιι</strong></span> <span class='ocrx_word' id='word_1_621' title='bbox 1833 4265 2125 4322; x_wconf 67' lang='lat' dir='ltr'><strong>PARAnoLA</strong></span> <span class='ocrx_word' id='word_1_622' title='bbox 2167 4283 2236 4321; x_wconf 76' lang='lat' dir='ltr'><strong>ns</strong></span> <span class='ocrx_word' id='word_1_623' title='bbox 2274 4284 2575 4340; x_wconf 70' lang='lat' dir='ltr'><strong>mansuro,</strong></span> <span class='ocrx_word' id='word_1_624' title='bbox 2623 4288 2679 4327; x_wconf 73' lang='lat' dir='ltr'><strong>nv</strong></span> <span class='ocrx_word' id='word_1_625' title='bbox 2711 4288 2817 4335; x_wconf 69' lang='lat' dir='ltr'><strong>QuA</strong></span> 
     </span>
     <span class='ocr_line' id='line_1_108' title="bbox 1649 4341 2818 4407; baseline 0 -13"><span class='ocrx_word' id='word_1_626' title='bbox 1649 4352 1995 4394; x_wconf 74' lang='lat' dir='ltr'><strong>osseam-run</strong></span> <span class='ocrx_word' id='word_1_627' title='bbox 2033 4354 2228 4395; x_wconf 73' lang='lat' dir='ltr'><strong>surus</strong></span> <span class='ocrx_word' id='word_1_628' title='bbox 2265 4341 2536 4399; x_wconf 71' lang='lat' dir='ltr'><strong>Eccmsm</strong></span> <span class='ocrx_word' id='word_1_629' title='bbox 2581 4360 2818 4407; x_wconf 72' lang='lat' dir='ltr'><strong>ssousivs</strong></span> 
     </span>
     <span class='ocr_line' id='line_1_109' title="bbox 1651 4410 2817 4486; baseline 0.002 -20"><span class='ocrx_word' id='word_1_630' title='bbox 1651 4425 2060 4466; x_wconf 52' lang='lat' dir='ltr'><strong>amrin-riona</strong></span> <span class='ocrx_word' id='word_1_631' title='bbox 2084 4410 2426 4469; x_wconf 68' lang='lat' dir='ltr'><strong>Smcronuu.</strong></span> <span class='ocrx_word' id='word_1_632' title='bbox 2453 4416 2598 4471; x_wconf 91' lang='lat' dir='ltr'><strong>—In</strong></span> <span class='ocrx_word' id='word_1_633' title='bbox 2616 4417 2817 4486; x_wconf 86' lang='lat' dir='ltr'><strong>quarta</strong></span> 
     </span>
    </p>
   </div>
   <div class='ocr_carea' id='block_1_11' title="bbox 1653 4479 2822 4632">
    <p class='ocr_par' dir='ltr' id='par_1_11' title="bbox 1653 4479 2822 4632">
     <span class='ocr_line' id='line_1_110' title="bbox 1653 4479 2822 4554; baseline 0.003 -17"><span class='ocrx_word' id='word_1_634' title='bbox 1653 4479 1950 4554; x_wconf 87' lang='lat' dir='ltr'><strong>parabola,</strong></span> <span class='ocrx_word' id='word_1_635' title='bbox 1984 4495 2110 4553; x_wconf 82' lang='lat' dir='ltr'><strong>quae</strong></span> <span class='ocrx_word' id='word_1_636' title='bbox 2147 4486 2234 4538; x_wconf 84' lang='lat' dir='ltr'><strong>est</strong></span> <span class='ocrx_word' id='word_1_637' title='bbox 2271 4483 2342 4540; x_wconf 85' lang='lat' dir='ltr'><strong>de</strong></span> <span class='ocrx_word' id='word_1_638' title='bbox 2379 4484 2681 4554; x_wconf 80' lang='lat' dir='ltr'><strong>fermento,</strong></span> <span class='ocrx_word' id='word_1_639' title='bbox 2713 4485 2822 4541; x_wconf 88' lang='lat' dir='ltr'><strong>de-</strong></span> 
     </span>
     <span class='ocr_line' id='line_1_111' title="bbox 2578 4587 2632 4632; baseline -0.019 0"><span class='ocrx_word' id='word_1_640' title='bbox 2578 4587 2632 4632; x_wconf 77' lang='grc' dir='ltr'><strong>ιο</strong></span> 
     </span>
    </p>
   </div>
  </div>
 </body>
</html>
