3146 5023
912 334 994 388 DE
1053 334 1529 389 SUSCITA‘rloxE
1586 336 1752 390 FILII
1808 335 2032 389 VIDUAE
2085 334 2280 388 NAIM.
2805 340 2835 392 3

365 449 539 514 videt,
558 445 646 503 vel
676 444 856 513 audit,
875 444 963 500 vel
988 444 1407 516 loquiturquod
1430 459 1547 499 non

368 523 521 586 licet,
557 522 817 572 mortuus
843 515 1162 571 extrahitur
1187 531 1289 586 per
1319 519 1547 587 portam

366 591 539 658 visuS,
572 588 663 643 vel
689 588 938 655 auditus,
969 587 1059 642 vel
1088 586 1222 655 oris,
1258 593 1315 643 et
1340 588 1423 643 sic
1448 601 1550 642 suo

364 662 542 720 modo
585 660 655 715 de
703 658 849 728 aliis,
899 663 955 714 et
992 659 1122 714 ideo
1164 658 1437 714 custodiae
1477 657 1551 713 ad

366 737 504 790 istas
536 734 732 802 portas
755 735 888 786 sunt
916 729 1262 786 adhibenda.
1288 730 1446 786 Unde
1473 727 1553 785 ait

366 806 520 863 Beda
556 822 573 858 ε
628 820 658 853 «
705 804 934 857 Portam
986 801 1229 857 civitatis
1280 816 1392 872 qua
1448 801 1551 856 de·

366 878 602 933 iunctus
640 872 1004 939 efferebatur,
1036 876 1174 943 puto
1204 872 1453 943 aliquem
1484 871 1553 927 de

362 946 630 1005 sensibus
680 960 798 999 esse
857 943 1111 1013 corporis
1137 984 1151 998 .
1226 944 1331 1010 Qui
1398 939 1551 998 enim

364 1016 624 1075 seminat
659 1015 811 1070 inter
846 1014 1054 1070 fratres
1091 1012 1421 1080 discordias,
1453 1013 1552 1082 qui

371 1088 739 1161 iniquitatem
817 1086 877 1141 in
934 1085 1213 1141 excelsum
1277 1084 1550 1155 loquitur,

374 1177 477 1225 per
505 1158 622 1214 oris
652 1164 872 1225 portam
905 1155 1225 1212 extrahitur
1274 1162 1547 1212 mortuus.

366 1233 484 1299 Qui
519 1230 727 1284 viderit
753 1228 1040 1284 mulierem
1066 1228 1142 1282 ad
1169 1230 1555 1298 concupiscen-

368 1304 510 1358 dum
537 1316 678 1368 eam,
708 1314 811 1367 per
836 1298 1132 1354 oculorum
1175 1305 1397 1369 portam
1436 1314 1552 1354 suae

375 1372 579 1429 mortis
627 1370 840 1426 indicia
902 1368 1137 1439 profert.
1194 1369 1298 1436 Qui
1347 1367 1555 1424 fabulis

369 1443 593 1510 otiosiS,
654 1440 988 1499 obscenisve
1051 1441 1401 1496 carminibus
1466 1440 1554 1495 vel

374 1512 833 1570 detractionibus
858 1526 1057 1567 aurem
1077 1511 1324 1581 libenter
1348 1509 1552 1580 aperit,

368 1586 531 1641 hanc
570 1582 777 1639 animae
805 1598 921 1637 suae
951 1591 1177 1652 portam
1206 1582 1403 1637 mortis
1427 1581 1556 1638 effi-

369 1655 476 1724 cit,
505 1660 837 1723 ceterosque
863 1654 1098 1724 quinon
1121 1657 1308 1709 servat
1336 1668 1553 1723 sensuS,

372 1727 583 1782 mortis
602 1725 709 1781 sibi
736 1726 854 1794 ipse
879 1723 1067 1780 reddit
1087 1723 1306 1780 aditum
1334 1741 1348 1780 ε
1376 1742 1405 1777 ))
1433 1724 1556 1780 haec

367 1798 551 1855 Beda.
592 1827 663 1838 —
690 1795 928 1852 Loculus
942 1801 1029 1851 est
1056 1794 1400 1852 conscientia
1425 1811 1555 1866 pec-

374 1868 611 1936 catoris,
668 1867 728 1923 in
780 1882 893 1938 quo
950 1874 1241 1939 tamquam
1299 1868 1358 1921 in
1408 1867 1555 1922 lecto

376 1940 550 1997 malae
580 1938 939 1995 conscientiae
964 1937 1289 2010 requiescit.

451 2016 486 2067 5
543 2012 678 2066 TmA
719 2026 877 2065 siem
912 2027 1106 2066 nonus
1144 2028 1209 2065 m·
1267 2028 1560 2067 assumim-

374 2100 563 2139 ‘noms
590 2080 1165 2138 Quamuis-'ralis
1194 2087 1385 2139 autem
1401 2097 1559 2137 mor-

378 2162 517 2211 tuus
552 2169 655 2225 per
676 2158 966 2225 peccatum
995 2152 1233 2221 mortale
1256 2154 1562 2210 suscitatur

373 2243 414 2283 a
442 2227 693 2295 Deoper
732 2240 924 2294 preces
953 2224 1238 2281 Ecclesiae.
1268 2226 1379 2283 Sed
1417 2240 1559 2296 quo-

360 2296 561 2359 „modo
597 2295 965 2352 resuscitatur
1001 2296 1062 2351 in
1099 2292 1438 2368 figura,'hic
1467 2296 1563 2351 do-

376 2373 569 2424 cetur.
627 2368 783 2423 Sicut
842 2368 994 2423 enim
1050 2366 1161 2422 tria
1213 2374 1347 2423 sunt
1399 2367 1562 2437 signa

376 2439 586 2495 mortis
616 2438 945 2508 spiritualis,
969 2438 1051 2493 sic
1083 2437 1194 2495 tria
1223 2443 1367 2497 sunt
1401 2438 1562 2508 signa

383 2508 839 2591 resuscitationis
903 2508 1209 2582 spiritualis
1233 2554 1248 2568 .
1324 2510 1561 2583 Signum

377 2583 589 2640 mortis
648 2581 953 2652 spiritualis
1005 2583 1299 2653 accipitur,
1367 2597 1563 2638 secun-

352 2653 527 2720 ωσι
588 2652 814 2722 signum
852 2652 1053 2709 mortis
1102 2652 1434 2725 corporalis.
1474 2652 1559 2710 Si-

376 2739 561 2797 gnum
588 2728 779 2779 autem
813 2725 1013 2780 mortis
1034 2723 1344 2797 corporalis
1359 2724 1560 2795 triplex

376 2801 488 2852 est.
515 2794 769 2850 Primum
798 2800 884 2851 est
914 2796 1165 2852 carentia
1189 2796 1557 2868 operationiS,

376 2867 463 2924 sic
503 2866 760 2922 carentia
788 2865 861 2921 ad
891 2866 1037 2923 bene
1078 2868 1435 2938 operandum
1480 2872 1563 2922 est

378 2937 612 3009 signum
659 2937 858 2992 mortis
907 2936 1261 3007 spiritualis:
1301 2937 1453 2995 unde
1500 2935 1561 2992 in

384 3007 579 3063 Exodo
621 3024 634 3063 ε
675 3009 842 3064 Fiant
890 3009 1195 3065 immobiles
1248 3011 1414 3080 quasi
1469 3009 1554 3064 la-

370 3081 495 3151 pis.
537 3108 603 3119 —
642 3078 984 3135 Secundum·
1016 3085 1099 3136 est
1134 3082 1390 3137 carentia
1426 3095 1557 3135 sen-

376 3164 497 3219 sus,
527 3150 754 3221 quando
782 3149 1097 3221 percutitur
1126 3156 1185 3207 et
1213 3167 1331 3207 non
1357 3151 1551 3218 sentit,

374 3220 460 3277 sic
491 3221 724 3291 quando
756 3221 929 3278 homo
967 3238 1084 3278 non
1113 3224 1287 3278 sentit
1322 3237 1555 3292 percus-

376 3293 570 3349 siones
624 3299 681 3346 et
729 3291 1148 3350 admonitiones
1207 3292 1554 3366 spiritualeS,

374 3364 608 3436 signum
634 3368 722 3419 est
747 3364 901 3434 quod
932 3365 1048 3435 ipse
1073 3364 1447 3436 spiritualiter
1474 3369 1559 3419 est

380 3439 686 3501 mortuus‚·
724 3435 872 3490 unde
909 3433 971 3490 in
1009 3435 1330 3492 Proverbiis
1366 3453 1380 3492 z
1424 3438 1557 3493 Ver-

379 3505 708 3561 beraverunt
740 3521 845 3576 me,
874 3506 973 3562 sed
996 3522 1107 3562 non
1138 3507 1293 3563 dolui
1316 3526 1335 3574 ‚-
1365 3512 1555 3562 traxe·

376 3580 514 3632 runt
540 3592 645 3645 me,
674 3580 727 3632 et
762 3593 858 3646 eqo
880 3593 991 3634 non
1017 3580 1184 3635 sensi.
1220 3606 1287 3618 --
1307 3579 1559 3635 Tertium

377 3652 464 3703 oet
518 3648 698 3720 rigor,
745 3650 826 3705 sic
879 3648 1050 3705 homo
1110 3649 1339 3720 quando
1386 3649 1561 3705 habet

380 3732 483 3774 cor
512 3718 594 3773 ita
623 3719 894 3790 rigidum,
923 3720 1077 3790 quod
1108 3721 1260 3776 flecti
1289 3736 1405 3776 non
1437 3724 1557 3791 pot-

378 3792 467 3844 est
494 3804 594 3859 per
626 3791 1077 3861 compassionem
1111 3792 1183 3848 ad
1220 3791 1554 3861 proximum,

383 3873 493 3915 nec
538 3875 639 3931 per
677 3860 1065 3918 obedientiam
1104 3862 1178 3918 ad
1222 3863 1422 3932 Deum,
1476 3863 1559 3918 si-

378 3944 560 4002 gnum
594 3935 679 3986 est
706 3933 903 3987 mortis
929 3933 1240 4005 spiritualis
1264 3950 1280 4004 ;
1310 3935 1460 3989 unde
1497 3934 1557 3988 in

377 4001 527 4056 libro
557 4002 777 4075 Regum
805 4003 1015 4060 dicitur
1040 4004 1193 4075 quod
1232 4020 1434 4061 manus
1458 4006 1554 4061 Je-

1660 442 1903 512 luxuria,
1962 444 2020 496 et
2067 442 2319 513 rigorem
2380 439 2517 497 facit
2568 441 2831 503 avaritia.

1663 515 1729 568 Et
1755 528 1785 567 e
1813 517 2013 569 contra
2047 517 2179 568 sunt
2235 514 2347 569 tria
2383 512 2550 581 signa
2590 516 2836 571 resusci-

1659 584 1894 639 tationis
1929 584 2256 654 spiritualis,
2285 600 2412 655 quae
2441 590 2754 653 tanguntur
2778 586 2840 643 in

1661 654 1771 711 hoc
1810 655 1960 725 quod
1988 656 2212 723 resedit,
2269 660 2325 711 et
2371 657 2535 725 coepit
2563 658 2738 727 loqui,
2781 662 2840 712 et

1661 726 1819 782 dedit
1841 728 2000 781 illum
2027 730 2199 782 matri
2225 742 2356 783 suae.
2395 726 2504 784 Per
2545 729 2654 784 boc
2685 727 2839 809 quod

1664 798 1803 854 dicit
1835 814 1849 866 ;
1892 797 2116 863 resedit,
2154 798 2494 869 intelligitur
2544 799 2838 868 contram,

1666 868 1724 926 in
1777 870 2117 925 contritione
2173 871 2328 926 enim
2389 870 2561 927 homo
2622 869 2840 926 residet

1665 946 1725 996 et
1764 939 1948 996 resilit
1990 957 2025 996 a
2065 948 2317 1010 peccato.
2366 942 2477 996 Per
2525 942 2636 999 hoc
2682 939 2838 1013 quod

1667 1011 1803 1067 dicit
1841 1033 1855 1067 t
1914 1015 2074 1083 coepit
2111 1013 2286 1083 loqui,
2327 1013 2667 1084 intelligitur
2705 1027 2838 1068 con-

1664 1081 1856 1151 sessim
1886 1082 1942 1138 in
1975 1099 2086 1154 qua
2111 1083 2283 1140 homo
2312 1084 2565 1154 loquitur
2590 1100 2650 1139 se
2676 1098 2840 1140 accu-

1664 1153 1864 1210 sando.
1903 1155 2014 1209 Per
2047 1156 2154 1210 hoc
2197 1155 2346 1226 quod
2388 1156 2596 1224 dicitur
2635 1171 2650 1211 t
2685 1153 2841 1210 dedit

1663 1224 1826 1279 illum
1853 1228 2026 1281 matri
2071 1241 2204 1289 suae.
2239 1226 2588 1293 intelligitur·
2613 1222 2842 1282 satisfa-

1664 1297 1811 1364 ctio;
1842 1312 1945 1367 per
1976 1298 2082 1352 hoc
2105 1297 2258 1354 enim
2284 1296 2439 1367 quod
2468 1298 2640 1351 homo
2667 1295 2844 1351 solvi·

1666 1371 1780 1433 tur,
1810 1373 1868 1423 et
1891 1367 2208 1438 injungitur
2234 1366 2286 1423 ei
2314 1365 2641 1436 satisfactiO,
2668 1366 2836 1426 resti-

1666 1438 1849 1493 tuitur
1879 1437 2045 1492 matri
2084 1454 2220 1503 suae,
2256 1439 2313 1493 id
2342 1444 2429 1494 est
2465 1439 2754 1508 Ecclesiae‚
2785 1442 2845 1494 et

1667 1509 2055 1565 communioni
2083 1509 2334 1566 fidelium
2357 1526 2460 1579 per
2489 1511 2844 1581 spiritualem

1670 1580 2211 1651 incorporationem,
2251 1595 2381 1651 quae
2418 1581 2649 1653 quidem
2679 1581 2842 1639 satis-

1668 1651 1840 1708 factio
1880 1651 1943 1706 fit
1973 1668 2074 1722 per
2110 1654 2241 1720 tria,
2273 1653 2490 1708 scilicet
2520 1669 2534 1708 :
2568 1668 2670 1723 per
2709 1666 2841 1709 ora-

1668 1724 1905 1794 tionem,
1925 1739 2030 1795 per
2049 1724 2355 1796 jejunium,
2381 1730 2439 1781 et
2461 1738 2567 1797 per
2589 1724 2839 1781 eleemo-

1668 1811 1888 1868 synam.

1741 1873 1775 1935 4
1799 1871 1987 1925 Monns
2017 1884 2346 1925 srmn'nAmS
2372 1886 2480 1933 ono
2509 1882 2844 1925 reccarones

1670 1956 2099 1996 Resuscimivrun
2126 1981 2140 1995 .
2215 1969 2273 1982 -
2331 1940 2442 1997 Sed
2497 1942 2698 1997 modus
2743 1939 2849 1994 iste

1669 2011 2111 2067 resuscitationis
2146 2011 2400 2082 tangitur
2448 2028 2577 2067 cum
2607 2010 2848 2070 dicitur:

1670 2082 1918 2138 Accessit
1955 2087 2006 2138 et
2053 2085 2239 2151 tetiqit
2278 2084 2538 2139 loculum.
2570 2082 2656 2138 Ad
2694 2095 2846 2137 mor-

1671 2159 1832 2210 tuum
1871 2153 2241 2225 spiritualiter
2298 2154 2554 2210 Salvator
2607 2152 2847 2222 accedit,

1672 2229 1730 2281 et
1780 2226 2218 2296 appropinquat,
2260 2240 2388 2282 cum
2426 2224 2502 2280 ali
2545 2238 2676 2279 uam
2714 2238 2848 2293 gra-

1672 2297 1811 2353 tiam
1842 2298 2325 2368 gpraevenientem,
2374 2296 2467 2353 vel
2543 2295 2851 2351 esiderium

1675 2369 1918 2439 propriae
1966 2367 2161 2426 salutis
2215 2369 2269 2424 ei
2324 2368 2517 2425 donat.
2541 2406 2548 2411 -
2574 2366 2848 2423 Loculum

1673 2441 1876 2513 tangit,
1928 2441 2155 2513 quando
2195 2440 2599 2497 conscientiam
2642 2444 2699 2494 et
2749 2450 2851 2492 cor

1673 2511 1880 2569 durum
1947 2511 2259 2584 peccatoris
2316 2513 2390 2569 ad
2454 2508 2851 2590 poenitentiam

1668 2584 1907 2651 emollit,
1940 2590 1997 2640 et
2037 2588 2393 2655 peccatorem
2430 2585 2503 2640 ad
2532 2582 2618 2637 sui
2652 2594 2854 2651 cogni·

1671 2656 1886 2711 tionem
1942 2656 2183 2724 reducit,
2240 2659 2297 2712 et
2352 2659 2486 2711 tunc
2525 2659 2781 2709 mortuus
2816 2664 2853 2708 a

1712 2732 1904 2783 eccato
1950 2725 2213 2798 resurgit.
2255 2727 2326 2782 Et
2359 2725 2651 2782 sciendum
2698 2720 2853 2795 quod

1716 2798 1916 2867 piritus
1957 2800 2193 2855 Sanctus
2221 2802 2514 2869 peccatum
2544 2811 2646 2867 per
2697 2807 2849 2849 mor-

1671 2871 1785 2923 tem
1814 2869 1992 2924 voluit
2010 2869 2315 2938 designari,
2338 2868 2413 2923 ad
2433 2864 2850 2921 ostendendum

1674 2943 1949 3008 quantum
1977 2944 2273 3009 peccatum
2301 2937 2375 2991 sit
2410 2934 2763 3005 fugiendum,
2793 2937 2852 2990 et

1674 3010 1951 3078 quantum
1982 3009 2051 3062 de
2074 3021 2140 3061 eo
2160 3005 2236 3060 sit
2262 3005 2591 3071 dolendum,
2618 3003 2849 3074 quando

1676 3085 1760 3134 est
1782 3076 2166 3134 commissum.
2195 3078 2495 3133 Peccatum
2520 3073 2854 3147 fugiendum

1673 3156 1759 3205 est
1791 3155 1852 3205 ut
1889 3165 2057 3218 mors„
2097 3155 2156 3205 ct
2199 3149 2268 3205 de
2298 3163 2365 3205 eo
2413 3147 2722 3204 dolendum
2765 3150 2853 3202 est

1673 3227 1964 3292 tamquam
1994 3221 2064 3277 de
2097 3226 2281 3276 morte
2294 3236 2312 3290 3
2338 3219 2417 3276 sic
2448 3219 2642 3275 dolere
2682 3217 2852 3274 debet

1673 3292 1771 3363 qui
1796 3294 2044 3349 amicum
2074 3307 2240 3349 suum
2274 3290 2334 3348 in
2362 3297 2594 3363 peccato
2621 3288 2854 3346 mortali

1672 3363 1846 3434 videt,
1888 3380 1956 3420 ac
2004 3365 2050 3420 si
2098 3379 2228 3421 eum
2280 3370 2563 3419 mortuum
2607 3362 2849 3429 videret,

1672 3435 1787 3492 imo
1813 3436 1987 3493 etiam
2015 3451 2147 3492 eum
2175 3436 2298 3507 plus
2338 3435 2531 3492 dolere
2562 3433 2750 3490 debet.
2782 3433 2854 3487 Et

1671 3507 1808 3578 quia
1838 3509 1985 3564 sicut
2015 3511 2270 3564 mortuus
2296 3507 2396 3562 iste
2426 3507 2635 3578 figurat
2657 3518 2852 3574 pecca·

1670 3585 1874 3648 torem,
1905 3580 1985 3635 sic
2016 3580 2142 3651 ejus
2172 3578 2460 3634 suscitatio
2484 3578 2522 3632 li
2567 3581 2693 3630 urat
2727 3588 2850 3653 pec·

1670 3653 1880 3715 catoris
1945 3650 2374 3706 conversionem
2409 3666 2424 3718 ;
2498 3646 2517 3702 i
2561 3661 2627 3701 eo
2705 3648 2852 3698 sicut

1672 3721 1913 3778 multum
1960 3722 2277 3777 timendum
2312 3725 2399 3774 est
2442 3720 2756 3795 peccatum,
2789 3717 2850 3769 et

1669 3793 1911 3848 multum
1942 3791 2253 3848 dolendum
2306 3789 2377 3843 de
2404 3803 2470 3842 eo
2518 3799 2846 3854 commisSO,

1668 3865 1750 3919 sic
1783 3863 2024 3918 multum
2055 3858 2431 3916 desideranda
2472 3863 2560 3913 est
2585 3861 2848 3926 peccato·

1668 3932 1749 3988 ris
1776 3932 2096 4001 conversi0,
2127 3936 2185 3985 et
2214 3929 2454 3984 multum
2481 3927 2848 3999 gaudendum

1669 4003 1739 4059 de
1779 4003 1900 4072 ipsa
1951 4002 2073 4074 jam
2116 3999 2288 4057 facta.
2328 3999 2577 4055 Obsecra
2624 4013 2782 4070 erg0,
2811 4014 2845 4054 o

376 4071 639 4140 roboam,
698 4087 870 4154 quam
926 4075 1178 4131 extendit
1223 4076 1296 4132 ad
1351 4077 1555 4143 altare,
1663 4077 1955 4146 peccator,
1986 4072 2291 4127 Dominum
2343 4075 2406 4126 ut
2440 4070 2739 4126 resuscitet
2787 4075 2845 4126 te

377 4144 623 4201 exaruit.
686 4144 779 4200 Stc
831 4160 970 4217 ergo
1031 4145 1144 4202 tria
1195 4149 1330 4202 sunt
1390 4147 1554 4219 signa

377 4214 582 4269 mortis
606 4214 915 4284 spiritualis
940 4233 956 4272 ε
1004 4217 1149 4274 bene
1178 4218 1386 4289 quippe
1415 4232 1549 4289 ope-

377 4283 498 4371 rari
555 4285 706 4342 tollit
755 4286 1046 4360 superbia,
1085 4303 1317 4346 sensum
1371 4292 1557 4346 aufert

1667 4157 1702 4201 a
1733 4151 1914 4200 morte
1932 4144 2167 4216 peccati,
2190 4148 2249 4198 et
2276 4141 2537 4199 restituat
2560 4148 2615 4198 te
2631 4146 2846 4199 sanetae

1669 4216 1932 4273 Ecclesiae
1981 4231 2118 4286 suae,
2160 4216 2220 4272 in
2250 4215 2478 4272 laudem
2518 4221 2575 4271 et
2602 4214 2846 4288 gloriam

1666 4288 1914 4346 nominis
1959 4289 2068 4350 sui.
2117 4289 2207 4362 Et,
2246 4292 2307 4345 ut
2360 4287 2442 4345 ait
2472 4288 2843 4344 Ambrosius:
