3146 5023
230 1878 241 1885 ⁴
334 1883 558 1943 carent,

325 352 364 402 s
1002 394 1005 397 .
1080 346 1301 399 rmus
1354 308 1597 400 Puris
1653 345 1864 401 cunr
1916 347 2053 402 va
2099 340 2102 343 ’

344 455 454 514 Ubi
510 454 818 512 Rabumaes:
876 471 906 507 (ι
931 455 1058 510 Non
1119 452 1519 523 discipulatum
1627 454 1750 524 Dei,
1791 470 1906 510 non
1953 453 2193 523 fabulas,
2244 470 2388 510 non·
2416 454 2806 531 curiositates,

340 526 584 598 respuit,
624 526 724 581 sed
753 525 974 596 expleta
1012 522 1259 595 primum
1296 525 1518 595 paterni

332 596 562 654 funeris
607 597 838 666 pietate,
879 594 1116 651 liberior
1163 596 1316 651 hunc
1358 596 1516 665 sequi

341 668 654 736 desiderat,
692 669 840 724 sicut
886 667 1140 735 Elisaeus,
1183 673 1420 722 vocante
1458 682 1518 721 se

259 801 263 805 ,
341 740 502 797 Elia:
550 740 794 806 osculer,
835 738 1042 809 inquit,
1072 753 1166 793 oro
1200 742 1274 806 te,
1300 742 1519 809 patrem

332 827 518 868 meum
556 816 609 865 et
636 816 867 867 manem
893 825 1089 875 meam,
1121 814 1175 865 et
1209 811 1292 865 sie
1318 824 1521 879 sequar

332 885 412 939 te.
440 902 463 933 ι
494 885 655 938 Iesus
681 886 863 937 autem
887 883 971 937 ait
992 882 1104 950 illi,
1125 881 1319 936 animo
1345 880 1522 935 corri-

338 954 537 1025 piendi
566 972 580 1013 :
605 954 840 1024 Sequere
864 968 969 1022 me,
993 967 1109 1008 non
1134 952 1395 1007 obstante
1424 966 1519 1021 pa-

339 1026 444 1080 tris
460 1026 547 1080 tui
567 1026 788 1080 funere.
815 1024 982 1092 Quasi
998 1023 1148 1079 dicat
1165 1045 1180 1080 ε
1200 1024 1323 1079 Non
1346 1028 1436 1078 est
1448 1023 1518 1078 de

334 1095 596 1165 caritatis
623 1096 821 1152 ordine
856 1096 1042 1150 minus
1070 1095 1284 1149 bonum
1314 1093 1518 1165 majori

334 1182 695 1238 praeponere:
712 1171 763 1222 et
785 1168 1005 1222 dimitte
1015 1170 1279 1233 mortuos,
1304 1166 1520 1220 seilicet

242 1277 244 1279 >
334 1247 525 1294 morte
555 1238 641 1294 cul
651 1254 756 1308 με,
782 1240 1014 1309 sepelire
1039 1242 1304 1300 mortuos,
1329 1243 1517 1292 morte

333 1315 581 1381 naturae,
621 1325 768 1378 suos,
810 1309 1029 1365 scilicet
1066 1308 1174 1364 sibi
1216 1309 1518 1364 adstrictos

334 1378 569 1436 vinculo
620 1379 1058 1451 propinquitatis
1098 1380 1187 1435 vel
1243 1383 1512 1448 naturae;

339 1449 540 1507 dicens
588 1457 779 1508 autem
815 1467 963 1521 suos,
996 1450 1353 1507 monstrabat
1382 1465 1518 1520 quo-

333 1522 494 1577 niam
535 1523 627 1577 hic
665 1529 918 1579 mortuus
948 1538 1065 1578 non
1098 1524 1245 1594 ejus,
1279 1522 1381 1577 sed
1409 1520 1517 1576 ali-

336 1593 471 1663 quis
509 1592 825 1650 infidelium
854 1601 1001 1665 erat,
1040 1594 1199 1676 cujus
1230 1598 1290 1649 et
1323 1592 1516 1664 sepul-

336 1669 499 1720 tores
530 1681 633 1736 per
666 1664 1064 1721 infidelitatem
1100 1664 1409 1733 impietatis
1457 1665 1515 1723 in

330 1735 535 1791 anima
565 1741 820 1791 mortuos
854 1734 1093 1806 intelligi
1134 1734 1383 1791 volebat.
1424 1737 1515 1790 ln-

334 1804 537 1861 fideles
589 1807 859 1861 dicuntur
921 1805 1150 1874 mortui,
1211 1806 1346 1876 quia
1403 1805 1515 1861 fide

609 1891 740 1946 quae
787 1875 903 1931 vita
938 1876 1148 1932 animae
1176 1883 1280 1945 est,
1320 1892 1519 1933 secun-

339 1947 477 2003 dum
524 1946 663 2003 ill-ud
694 1964 710 2003 ε
760 1949 951 2002 Iustus
979 1963 1051 2002 ex
1085 1948 1195 2017 fide
1220 1950 1382 2004 vivit.
1415 1949 1516 2003 Hic

328 2032 475 2089 ergo
498 2026 825 2075 removetur
843 2019 1146 2075 carnalitas
1157 2020 1516 2145 (propinquo-

334 2104 499 2158 mm;
543 2104 645 2160 per
687 2091 795 2146 hoc
845 2089 998 2145 enim
1037 2105 1151 2160 quo
1231 2090 1371 2146 dixit
1409 2092 1463 2147 ei
1490 2106 1513 2147 ι

329 2160 578 2231 sequere
604 2176 706 2231 me,
741 2166 797 2218 ct
826 2161 1047 2217 amitte
1081 2166 1324 2217 mortuos
1360 2178 1513 2234 sepe·

330 2232 444 2289 lire
480 2238 724 2289 mortuos
749 2248 899 2303 suos,
930 2231 1177 2289 oste-dit
1203 2234 1356 2304 quod
1384 2249 1513 2289 car-

336 2303 487 2358 nalis
512 2302 753 2359 affectus
778 2319 813 2358 a
833 2304 1205 2375 sequentibus
1222 2304 1512 2360 Christum

328 2378 425 2431 est
459 2373 717 2429 totaliter
746 2373 1137 2430 dimittendus,
1181 2376 1251 2430 Et
1286 2381 1371 2430 est
1405 2377 1515 2431 hoe

330 2451 742 2527 argumentum
785 2448 987 2501 contra
1055 2452 1389 2503 excusantes
1452 2462 1513 2503 se
1562 2478 1563 2481 =

336 2516 409 2573 de
466 2531 727 2589 ingressu
783 2518 1098 2590 religioniS‚
1144 2527 1379 2588 propter
1426 2533 1513 2574 cu-

335 2601 463 2644 ram
504 2594 839 2659 parentum;
882 2591 1018 2645 item
1050 2594 1255 2646 contra
1279 2604 1510 2660 procra-

322 2659 637 2730 stinantes,
694 2661 743 2715 si
782 2657 936 2715 enim
986 2661 1172 2715 noluit
1229 2660 1512 2718 retardari
1556 2719 1559 2722 Α

326 2743 441 2798 ,pro
510 2732 821 2800 sepultura,
882 2731 1070 2787 multo
1150 2729 1338 2787 minus
1410 2746 1512 2801 pro

292 2825 296 2830 ’
327 2802 699 2870 expeditione
724 2802 1012 2860 diuturna.
1042 2803 1203 2859 Unde
1230 2804 1312 2859 ait
1336 2802 1512 2872 Chry-

326 2877 607 2928 sostomus
632 2889 653 2930 ι·
714 2891 744 2925 α
772 2873 931 2929 Alius
988 2873 1310 2934 intentione
1379 2875 1515 2930 ficta

330 2942 496 3014 dixit,
538 2959 742 3015 sequar
790 2949 875 3014 ειη
918 2945 1013 3004 >hic
1047 2947 1219 3002 etiam
1254 2951 1512 3001 sanctam

332 3028 459 3070 rem
508 3023 708 3085 petens
766 3030 885 3074 non
939 3017 1150 3074 sinitur
1211 3018 1508 3087 recedere,

331 3086 474 3155 quia
529 3089 628 3142 alii
681 3094 848 3144 crant
911 3090 1009 3159 qui
1066 3089 1394 3159 sepelirent,
1455 3095 1514 3144 et

322 3155 490 3213 hunc
545 3174 581 3212 a
628 3159 810 3229 magis
869 3162 1202 3214 necessariis
1238 3161 1510 3216 recedere

334 3240 455 3281 non
481 3229 823 3296 oportebat:
855 3247 885 3281 »
916 3230 1039 3285 baec
1072 3231 1509 3299 chrysostomus.

330 3296 407 3351 Et
449 3298 581 3353 vide
635 3298 921 3369 quomodo
964 3299 1215 3370 primum
1251 3302 1511 3357 dolosum

330 3370 397 3422 et
448 3368 778 3438 superbum,
832 3371 930 3442 qui
972 3371 1104 3426 ficte
1148 3377 1208 3427 et
1249 3372 1513 3428 simulata

334 3444 532 3517 mente
558 3449 895 3510 accesserat,
918 3442 1170 3513 respuit3
1199 3445 1511 3498 secundum

328 3511 656 3581 simplicem
706 3519 763 3567 et
806 3513 1093 3582 devotum,
1144 3515 1242 3584 qui
1282 3528 1415 3569 vere
1453 3519 1514 3569 et

326 3579 580 3656 simplici
607 3588 800 3639 mente
828 3590 885 3638 et
910 3598 1053 3654 puro
1076 3586 1253 3642 corde
1281 3600 1511 3656 quaere·

330 3650 453 3723 bet,
478 3654 554 3709 ad
573 3654 663 3709 sui
688 3655 980 3726 sequelam
1003 3654 1193 3725 traxit,
1220 3664 1276 3712 et
1294 3659 1510 3727 absque

324 3721 615 3784 ditatione
638 3741 700 3781 se
724 3726 884 3798 sequi
908 3726 1118 3798 jubens
1144 3743 1252 3784 nec
1283 3735 1509 3799 patrem

328 3795 582 3867 sepelire
606 3799 879 3869 permisit,
914 3811 1084 3868 quem
1108 3799 1254 3856 forte
1274 3816 1311 3856 a
1327 3799 1511 3871 sepul-

266 3867 283 3886 *
324 3868 465 3948 tura
501 3882 620 3923 non
655 3870 1055 3940 prohibuisset,
1084 3870 1133 3925 si
1160 3871 1258 3927 alii
1291 3874 1389 3953 qui
1416 3886 1509 3927 se-

412 3939 587 4018 luneut
605 3955 722 3997 non
742 3942 1004 3999 tuissent.
1022 3944 1101 3997 Ac
1118 3943 1167 3998 si
1186 3944 1243 3999 ei
1260 3943 1502 3999 diceret:

385 4012 551 4068 cnuti
579 4013 652 4068 aad
683 4014 880 4084 vitam,
912 4013 997 4069 vis
1023 4014 1215 4071 redire
1241 4015 1316 4070 ad
1350 4029 1507 4070 mor-

334 4082 456 4138 tem
481 4085 506 4139 ἱ)
537 4085 659 4153 Bao
680 4099 806 4139 sum
837 4086 978 4154 vita,
1015 4101 1122 4157 ego
1161 4101 1285 4143 sum
1316 4087 1504 4154 Pater,

320 4154 395 4205 et
419 4149 659 4210 Creator
681 4161 810 4211 tuus
843 4172 858 4213 :
906 4157 1143 4227 Sequere
1180 4173 1286 4226 me,
1333 4161 1388 4212 et
1421 4157 1508 4213 di·
1552 4167 1557 4170 ’

316 4223 495 4276 mitte
531 4229 774 4282 mortuos
805 4228 1038 4299 sepelire
1064 4233 1307 4284 mortuos
1331 4242 1461 4284 suos
1484 4244 1504 4299 ;

320 4295 395 4348 lu
416 4297 638 4367 ,aedem
674 4298 838 4363 eade,
868 4301 928 4353 et
961 4301 1240 4358 amm
1273 4315 1505 4369 reanum

1629 525 1721 581 vel
1770 525 1986 597 aliquid
2040 525 2452 597 hujuscemodi.
2493 528 2620 582 Non
2658 543 2810 600 nego

1629 597 1980 667 sepulturam
2023 612 2146 653 esse
2190 597 2260 653 de
2289 598 2560 667 operibus
2585 599 2812 657 miseri·

1634 668 1866 736 cordiae,
1899 684 2005 724 nec
2026 668 2154 724 dito
2188 684 2364 737 opera
2393 669 2517 739 ejus
2544 671 2808 739 proximo

1631 754 1746 794 non
1784 754 1906 796 esse
1935 738 2338 810 impendenda,
2373 739 2473 795 sed
2503 755 2605 809 pro
2633 742 2812 814 majo-

1626 810 1787 866 ribus
1814 826 1933 867 esse
1966 811 2380 893 postponenda.
2409 812 2707 868 Annuntia
2722 828 2812 869 re·-

1625 897 1794 950 9num
1821 884 1940 951 Dei,
1970 887 2181 938 suscita
2217 887 2471 937 mortuos
2499 883 2557 936 iu
2586 884 2802 943 anima.

1629 954 1965 1010 {astruimur
2008 968 2147 1024 ergo
2199 953 2314 1022 hic,
2355 959 2417 1009 ut
2456 969 2558 1023 pro
2599 955 2807 1028 majori

1626 1024 1778 1080 bono
1801 1026 1989 1081 minus
2017 1025 2233 1080 bonum
2261 1024 2632 1097 deseramus;
2660 1040 2801 1083 nam

1627 1096 1677 1151 si
1705 1096 2062 1152 meritorium
2091 1096 2166 1150 sit
2203 1102 2497 1164 parentem
2536 1096 2802 1167 sepelire,

1628 1167 1856 1240 dignius
1884 1173 1970 1224 est
1993 1174 2188 1223 tamen
2213 1168 2387 1223 verba
2418 1167 2549 1223 vitae
2571 1168 2805 1235 docere,

1628 1240 1783 1309 pium
1837 1240 1931 1309 qui
1977 1253 2049 1309 pe
2092 1243 2215 1293 erat
2257 1237 2410 1308 quod
2452 1239 2682 1294 volebat
2710 1237 2805 1295 fa-

1626 1325 1776 1379 cere,
1796 1311 1896 1366 sed
1958 1309 2110 1366 ocuit
2131 1310 2401 1382 Magister
2413 1308 2549 1379 quid
2567 1309 2808 1368 deberet

1629 1396 1960 1452 praeponere
1995 1395 2009 1435 ε
2055 1382 2238 1450 majus
2272 1381 2426 1436 enim
2453 1386 2544 1436 est
2581 1382 2806 1439 animas

1619 1458 2004 1521 mortuorum,
2059 1450 2447 1522 praedicando,
2499 1450 2572 1506 ad
2624 1450 2807 1509 vitam

1628 1525 1986 1592 resuscitare,
2035 1537 2208 1593 quam
2247 1537 2451 1592 corpus
2488 1523 2701 1578 mortui
2738 1522 2803 1579 in

1627 1602 1781 1650 terra
1817 1595 2213 1663 abscondere3
2253 1595 2439 1664 majus
2475 1598 2560 1648 est
2588 1594 2803 1664 praedi-

1628 1666 1813 1721 cando
1843 1680 2020 1721 unum
2050 1663 2255 1719 saltem
2289 1662 2600 1734 vivificare,
2629 1679 2810 1735 quam

1628 1752 1828 1793 omnes
1865 1742 2121 1792 mortuos
2166 1734 2428 1805 sepelire.
2464 1736 2622 1792 Unde
2659 1737 2805 1792 Aa·

1630 1809 1891 1864 orosius:
1939 1807 2139 1863 «Cum
2186 1807 2517 1878 religiosum
2563 1807 2805 1865 humani

1627 1880 1883 1950 corporis
1908 1877 2222 1949 sepeliendi
2251 1878 2647 1948 acceperimus
2672 1877 2812 1934 offi-.

1627 1951 1802 2019 cium,
1853 1949 2139 2021 quomodo
2179 1948 2273 2005 hic
2313 1949 2538 2018 paterni
2573 1964 2808 2020 quoque

1628 2021 1845 2078 funeris
1867 2021 2159 2092 sepultura
2187 2021 2522 2090 prohibetur
2546 2019 2572 2076 ‘2
2593 2021 2710 2076 Nisi
2738 2026 2808 2077 ut

1624 2092 1914 2165 intelligas
1967 2093 2217 2147 humana
2271 2090 2661 2161 posthabenda
2710 2090 2803 2147 di-

1624 2163 1769 2220 vinis
1791 2180 1808 2233 ;
1838 2164 2051 2220 bonum
2073 2162 2344 2230 studium,
2370 2162 2470 2217 sed
2493 2164 2678 2233 majus
2697 2162 2805 2219 im·

1627 2236 2015 2306 pedimentum
2042 2250 2058 2290 z
2087 2248 2221 2289 nam
2260 2232 2358 2303 qui
2395 2234 2640 2303 partitur
2675 2238 2801 2290 stu-

1625 2305 1803 2376 dium,
1852 2304 2063 2361 dirivat
2104 2304 2393 2373 affectum,
2443 2305 2543 2376 qui
2599 2302 2805 2362 dividit

1624 2393 1843 2445 curam,
1867 2376 2063 2433 differt
2090 2374 2443 2447 profectum;
2471 2390 2608 2447 ergo
2641 2376 2801 2446 prius

1624 2457 1755 2504 sunt
1774 2448 2039 2504 habenda
2056 2463 2185 2521 quae
2210 2447 2476 2502 maxima.
2502 2446 2799 2514 Quomodo

1623 2536 1761 2592 ergo
1811 2520 2027 2577 mortui
2076 2521 2318 2590 sepelire
2356 2526 2615 2575 mortuos
2666 2534 2803 2589 pos-

1621 2598 1773 2661 sunt,
1792 2591 1903 2647 nisi
1927 2591 2214 2664 geminam
2233 2590 2326 2645 hic
2339 2589 2625 2662 intelligas
2650 2604 2804 2646 mor·-

1623 2668 1740 2719 tem
1792 2679 1807 2719 :
1857 2678 2033 2718 unam
2096 2669 2336 2730 naturae,
2394 2661 2635 2717 alteram
2677 2661 2801 2717 cul-

1627 2731 1753 2806 pae?
1790 2735 1884 2788 Est
1927 2735 2102 2789 etiam
2153 2748 2306 2789 mors
2347 2733 2540 2801 tertia,
2578 2733 2805 2806 in-qua

1627 2811 1858 2877 peccato
1888 2805 2189 2874 morimur,
2217 2805 2335 2860 Deo
2360 2804 2601 2860 vivimus
2626 2819 2642 2872 ;
2680 2818 2806 2859 uon

1624 2892 1763 2948 ergo
1813 2876 2036 2946 paterni
2086 2875 2300 2931 funeris
2342 2890 2403 2931 se
2446 2875 2634 2932 ultura
2663 2889 2802 2945 pro-

1625 2948 1872 3012 hibetur,
1932 2946 2038 3003 sed
2099 2945 2384 3005 necessita
2428 2947 2509 3002 ini
2571 2945 2803 3017 generis

1625 3019 1834 3074 divinae
1879 3015 2175 3089 religionis
2224 3018 2403 3087 pietas
2456 3017 2797 3075 antefermr.

1625 3091 1765 3146 illud
1832 3089 2188 3144 consortibus
2252 3089 2621 3158 relinquitur,
2687 3088 2810 3148 hoc.

1624 3161 1932 3216 mandatur
1955 3158 2177 3218 electis
2214 3177 2245 3212 n
2279 3159 2535 3215 Unde-et
2565 3160 2800 3229 chryso-

1623 3237 1874 3288 stomus:
1927 3249 1957 3284 α
1988 3231 2399 3287 inconveniens
2447 3232 2603 3286 enim
2649 3234 2799 3301 erat,

1625 3310 1688 3360 ut
1734 3304 1833 3374 qui
1883 3301 2062 3358 semel
2098 3300 2242 3357 Filio
2292 3303 2393 3357 Dei
2424 3302 2687 3370 credenS‚
2717 3300 2800 3356 vi-

1621 3389 1755 3430 vum
1787 3383 1845 3429 et
1882 3374 2168 3429 coelestem
2206 3374 2384 3428 Deum
2435 3377 2657 3443 patrem
2689 3373 2802 3430 bav-

1624 3445 1758 3502 bere
1791 3446 1917 3516 jam
1958 3450 2229 3515 coeperat,
2266 3444 2336 3499 de
2375 3450 2535 3513 patre
2567 3449 2801 3501 mot-mo

1622 3516 1900 3588 cogitaret
1920 3534 1940 3587 ;
1983 3523 2045 3573 et
2069 3516 2202 3571 ideo
2241 3515 2514 3571 Dominus
2549 3515 2802 3571 ostendit

1625 3588 2039 3658 praeferendam
2091 3601 2213 3642 esse
2260 3585 2434 3642 fidem
2492 3592 2550 3642 et
2594 3587 2799 3659 cogni-

1621 3660 1836 3715 tionem
1871 3659 2081 3715 Christi
2122 3656 2517 3729 hujuscemodi
2571 3658 2801 3728 pictatis

1622 3728 1846 3798 officiis,
1897 3734 2130 3800 prepter
2180 3744 2350 3799 quem
2394 3730 2646 3784 viventes
2689 3744 2800 3800 pa-

1619 3802 2092 3872 rentesjubemur
2102 3799 2453 3869 rel-inquere.
2474 3801 2505 3857 J
2509 3814 2641 3856 esus
2657 3815 2802 3871 ergo

1623 3871 1918 3941 prohibuit
1956 3886 2089 3927 eum
2127 3884 2249 3926 non
2285 3872 2496 3942 jubens
2537 3877 2798 3928 contem—

1618 3958 1759 3998 nere
1815 3944 2111 4012 bonorem,
2157 3943 2258 4012 qui
2305 3945 2392 3997 est
2435 3943 2507 3998 ad
2553 3957 2652 3998 eos
2696 3944 2799 4014 qui

1621 4016 2067 4085 progenuerunt,
2122 4013 2225 4069 sed
2278 4018 2610 4069 monstrans
2658 4028 2799 4085 quo-

1618 4083 1776 4140 niam
1802 4083 1945 4141 nihil
1973 4082 2294 4141 coelestibus
2332 4083 2579 4156 negotiis
2613 4085 2797 4157 magis

1617 4155 1784 4212 nobis
1830 4156 2213 4213 necessarium
2246 4170 2367 4212 esse
2414 4158 2689 4227 oportet3
2735 4162 2796 4212 et

1615 4228 1890 4297 quoniam
1942 4242 2074 4284 cum
2107 4226 2339 4283 tastidio
2395 4225 2795 4285 universorum

1613 4299 1709 4355 ,his
1749 4298 1929 4371 ,iungi
1970 4301 2218 4371 oportet,
2263 4302 2325 4354 ct
2367 4312 2558 4371 neque
2587 4312 2794 4370 paru·
