3146 5023
481 439 564 491 DE
621 434 1050 490 REVERSIONE
1103 435 1337 490 APOS'I'.
1394 438 1464 492 Ac
1517 438 1847 493 msstoni:
1899 441 2103 495 LXXII
2160 443 2493 499 DISCIPUL.
2669 448 2731 503 99

245 544 584 605 humilitas:
635 556 765 598 cum
801 556 964 622 ergo,
994 555 1166 622 quam
1205 541 1445 613 quisque

246 619 494 684 habeat,
551 616 933 685 cognoscitur,
992 610 1283 668 invenitur
1335 615 1443 671 sub

250 706 371 762 quo
407 703 547 759 rege
585 684 822 749 militet;
861 682 1252 755 unusquisque
1289 685 1445 741 enim

250 759 421 834 quasi
440 756 747 830 quemdam
766 753 998 811 titulum
1021 760 1212 826 portat
1230 754 1442 827 operis,

249 848 368 905 quo
395 830 562 888 facile
592 826 856 885 ostendat
889 827 996 882 sub
1045 825 1208 898 cujus
1235 827 1447 884 serviat

330 906 538 960 testate
553 905 822 956 rectoris:
845 919 871 947 n
890 898 1015 953 haec
1033 897 1348 967 Greqorius.
1375 901 1445 955 Et

293 973 508 1032 reviter
555 970 693 1028 dicit
743 969 1099 1028 Cassiodorus
1141 985 1158 1025 t
1202 990 1232 1022 «
1266 972 1446 1027 Tanta

250 1045 360 1103 fuit
381 1045 443 1102 in
474 1050 677 1101 sancta
706 1040 1102 1098 Incarnatione
1125 1040 1440 1113 humilitas,

252 1122 471 1200 quanta
489 1121 578 1174 est
604 1115 663 1171 in
685 1112 981 1170 divinitate
1005 1110 1441 1187 incomprehen-

251 1188 439 1246 sibilis
495 1187 786 1258 majestas.
825 1205 855 1236 »
894 1182 1052 1255 Elige
1090 1200 1226 1257 ergo
1258 1183 1441 1255 magis

251 1262 359 1318 sub
408 1261 561 1331 Rege
609 1257 759 1326 coeli,
799 1270 970 1327 quam
1023 1256 1132 1314 sub
1187 1255 1442 1328 principe

251 1330 457 1388 mundi
505 1329 781 1396 militare;
830 1332 888 1384 et
947 1326 1127 1397 magis
1181 1329 1285 1385 sub
1340 1326 1441 1383 Dei

252 1418 429 1474 quam
463 1403 568 1458 sub
597 1397 848 1456 hominis
885 1402 1168 1469 potestate
1202 1397 1439 1456 servire.

251 1478 320 1531 Et
354 1475 427 1530 ad
465 1473 576 1529 hoc
625 1470 948 1528 faciendum
977 1474 1114 1525 nota
1161 1469 1254 1525 hic
1303 1469 1442 1526 utile

249 1545 593 1616 exemplum.
651 1544 787 1600 Cum
824 1540 979 1597 enim
1017 1539 1248 1610 quidam
1278 1540 1442 1597 miles

251 1615 487 1673 domino
507 1631 630 1682 suo,
649 1613 862 1670 scilicet
886 1610 1112 1668 cuidam
1129 1611 1442 1669 Marchioni

252 1687 554 1744 militando
585 1685 685 1742 diu
733 1685 806 1741 ad
842 1683 1193 1739 voluntatem
1245 1684 1440 1740 deser-

251 1759 449 1828 visset,
503 1757 737 1813 tandem
780 1756 853 1812 ad
896 1754 1310 1823 infirmitatem,
1368 1756 1440 1812 de

252 1846 367 1902 qua
401 1833 461 1885 et
498 1834 759 1884 mortuus
799 1831 905 1895 est,
985 1826 1221 1882 ervenit.
1263 1827 1440 1893 Quem

253 1907 310 1957 et
339 1901 462 1972 ipse
492 1899 744 1956 Marchio
779 1897 838 1954 iii
878 1897 939 1953 in
986 1898 1212 1954 rmitate
1239 1899 1441 1954 eadem

251 1971 516 2041 visitan5‚
550 1968 804 2027 exhibuit
841 1986 901 2025 se
930 1974 1191 2040 paratum
1221 1969 1294 2025 ad
1324 1986 1442 2025 om-

250 2043 352 2101 nia
379 2059 506 2114 quae
527 2058 640 2114 pro
669 2057 738 2098 eo
758 2042 945 2097 facere
974 2044 1187 2122 posset,
1221 2039 1438 2111 dicem,

252 2115 407 2186 quod
440 2130 544 2170 nec
570 2118 809 2184 argento
841 2126 943 2184 pro
983 2110 1162 2183 ipsius
1191 2113 1440 2167 necessi-

251 2190 370 2243 tate
387 2190 667 2258 parceret.
693 2183 792 2241 Cui
817 2183 982 2239 miles
1001 2184 1214 2254 gratias
1238 2199 1344 2254 age
1352 2200 1439 2253 ηε,

253 2256 412 2327 dixit,
444 2257 601 2329 quod
631 2271 761 2312 eum
804 2256 1007 2328 juvare
1059 2271 1176 2311 non
1223 2260 1439 2326 posset,

294 2328 391 2385 uia
419 2327 543 2401 ipse
579 2328 892 2384 secundum
946 2324 1299 2383 medicorum
1346 2327 1440 2398 jii-

293 2399 463 2457 'cium
490 2398 799 2456 moriturus
828 2402 995 2455 esset.
1040 2398 1258 2454 Deinde
1288 2396 1441 2454 idem

251 2470 419 2529 miles
470 2472 757 2529 advocans
806 2469 974 2527 simul
1011 2469 1074 2527 in
1129 2485 1302 2526 unum
1334 2485 1440 2526 no-

250 2543 419 2613 biles,
449 2549 509 2600 et
542 2544 705 2610 alioS,
739 2542 835 2614 qui
870 2545 1024 2599 circa
1056 2539 1441 2598 Marchionem

250 2621 443 2684 erant,
470 2614 771 2672 admonuit
798 2630 919 2683 eoS,
950 2613 1178 2670 dicens.-
1208 2612 1444 2670 Carissi-

252 2688 357 2756 mi,
390 2684 528 2814 (huia
555 2685 761 2742 videtis
794 2685 949 2758 quod
985 2683 1250 2741 dominus
1278 2700 1442 2741 meus

249 2760 406 2815 Marc
450 2758 529 2827 io,
572 2757 664 2814 cui
707 2757 804 2814 diu
841 2757 916 2814 ad
965 2761 1165 2813 nutum
1208 2755 1438 2825 servivi,

243 2831 366 2902 jam
395 2845 489 2886 me
517 2828 579 2885 in
609 2828 949 2885 necessitate
969 2827 1216 2899 positum
1237 2828 1438 2895 juvare

248 2917 368 2957 non
394 2905 604 2973 potest,
638 2901 896 2972 quamvis
938 2899 1110 2956 etiam
1149 2898 1341 2962 vellet,
1382 2904 1441 2954 et

249 2972 335 3029 sic
378 2988 586 3044 corpus
633 2978 691 3028 et
742 2977 989 3044 tempuS,
1034 2987 1102 3027 ac
1144 2969 1438 3026 servitium

248 3059 444 3100 meum
464 3043 685 3115 perdidi
701 3059 869 3112 vane,
891 3042 1043 3114 quod
1060 3057 1150 3097 me
1168 3040 1436 3113 poenitet3

246 3130 394 3186 rogo
433 3131 533 3171 vos
560 3120 617 3172 et
645 3115 948 3184 admone0,
979 3119 1042 3170 ut
1069 3111 1170 3169 tali
1194 3110 1437 3168 Domino

250 3185 531 3243 studeatis
570 3185 806 3255 servire,
837 3185 932 3257 qui
963 3183 1125 3242 vobis
1146 3182 1209 3240 in
1240 3198 1438 3240 neces-

249 3257 518 3314 sitatibus
538 3257 798 3314 omnibus
815 3255 1026 3329 poterit
1041 3254 1361 3313 subvenire.

331 3351 390 3385 ii
453 3330 715 3385 Piuiiiiuii
787 3345 1143 3384 snnvinivrimi
1195 3329 1436 3395 Domo,

252 3418 486 3463 uotiuis
528 3419 731 3457 mimi.
769 3429 836 3442 —-
880 3398 1096 3456 Deinde
1142 3397 1438 3469 subjungit

250 3470 531 3528 Dominus
582 3470 906 3542 praemium,
956 3470 1192 3527 dicens:
1243 3473 1335 3536 Et,
1387 3468 1436 3526 si

244 3544 451 3624 ¹iugum
479 3542 815 3614 acceperitis
849 3547 906 3598 et
949 3540 1265 3597 didiceritis
1298 3542 1468 3601 obe·.

251 3614 488 3683 diend0,
541 3617 831 3670 invenietis
873 3615 1117 3683 requiem
1145 3613 1437 3668 animabus

249 3688 475 3754 vestris,
508 3685 722 3742 scilicet
741 3685 802 3741 in
821 3682 1093 3767 praesenti
1117 3688 1178 3740 et
1197 3681 1256 3738 in
1281 3683 1433 3740 sutu-

252 3772 351 3824 ro;
377 3770 507 3827 quae
529 3756 759 3827 requies
777 3757 872 3812 hic
895 3754 1218 3823 inchoatur,
1247 3755 1348 3811 sed
1371 3752 1437 3810 in

248 3828 439 3900 patria
452 3827 798 3899 perficietur.
819 3827 978 3884 Unde
990 3828 1404 3895 chrysostomus
1418 3841 1434 3880 ε

255 3921 286 3950 «
321 3899 452 3954 Non
471 3897 631 3968 dixit,
662 3904 720 3956 et
747 3896 1047 3955 invenietis
1074 3895 1352 3968 requiem,
1377 3899 1441 3953 et

249 3967 459 4051 tacuit3
490 3970 594 4027 aed
612 3969 851 4040 addidit,
867 3968 1168 4051 animabus
1192 3966 1435 4025 vestris:

252 4040 1442 4196 gfflfflffitzffiwnkm

1551 560 1786 626 porum3
1834 546 2125 628 quoniam,
2161 554 2218 606 et
2269 549 2317 606 si
2365 552 2635 612 laborant
2674 562 2729 614 et

1551 621 1855 700 tristantur
1899 634 1958 674 in
1988 635 2246 691 corpore,
2282 623 2644 694 requiescunt
2675 633 2733 685 et

1551 688 1802 770 gaudent
1838 706 1901 745 in
1940 688 2145 761 spiritu
2177 696 2234 747 et
2269 691 2330 749 in
2369 710 2487 767 spe.
2526 716 2555 751 ι)
2595 699 2731 756 Ideo

1550 759 1685 816 alibi
1734 758 1908 817 dicit:
1939 763 2091 829 Haec,
2110 767 2293 819 amem
2347 767 2560 824 locutus
2607 786 2730 827 sum

1547 832 1722 900 vobis,
1748 836 1811 887 ut
1832 834 1894 888 in
1913 848 1998 888 me
2013 850 2207 915 pacem
2234 837 2505 908 habeatis,
2537 839 2596 897 in
2622 842 2733 900 hoe

1549 903 1762 959 mundo
1788 909 1981 960 autem
2008 906 2423 965 tribulationes.
2452 912 2520 966 Et
2547 928 2640 982 ne,
2665 929 2733 970 ex

1543 975 1685 1045 =iugo
1714 973 1857 1045 legis
1869 975 2222 1056 Evangelicae
2249 983 2541 1051 tamquam
2570 984 2730 1056 gravi

1550 1050 1607 1101 et
1652 1061 1895 1102 oneroso
1949 1046 2124 1119 aliqui
2171 1052 2500 1109 terreantur
2547 1060 2604 1111 et
2654 1055 2731 1111 ti·

1548 1121 1780 1198 meant3
1829 1121 1886 1174 et
1937 1132 2113 1200 quare
2153 1120 2257 1176 sub
2305 1122 2444 1195 jugo
2500 1126 2729 1183 Domini

1547 1203 1805 1259 requiem
1865 1190 2166 1246 animabus
2236 1195 2356 1248 suis
2415 1193 2728 1266 inveniant,

1545 1259 1841 1330 subjungit
1863 1259 2097 1317 dicens:
2127 1264 2331 1330 Juyum
2379 1268 2525 1321 enim
2553 1283 2732 1323 meum

1547 1347 1716 1387 suave
1767 1336 1880 1398 θείς
1933 1347 2089 1399 nam,
2137 1348 2310 1403 grave
2352 1341 2474 1391 erat
2525 1338 2729 1409 Jugum

1549 1402 1714 1472 Legis
1734 1406 1967 1473 propter
1986 1402 2460 1475 multiplicitatem
2483 1423 2731 1465 ceremo-

1548 1472 1809 1554 nialium,
1831 1477 2064 1544 propter
2093 1475 2487 1533 austeritatem
2515 1479 2730 1551 judici-

1549 1545 1749 1612 alium,
1777 1550 2012 1624 propter
2026 1544 2309 1602 defectum
2340 1556 2731 1608 sacramento-

1547 1632 1678 1671 rum
1704 1615 2170 1686 Justificantium;
2203 1618 2304 1673 sed
2343 1636 2459 1675 non
2490 1621 2572 1677 sic
2602 1629 2727 1678 erat

1547 1685 1838 1757 Evangelii
1863 1687 2087 1758 Jugum.
2141 1689 2301 1745 Unde
2331 1695 2388 1746 et
2425 1691 2682 1762 sequitur
2714 1711 2728 1749 t

1547 1762 1622 1840 Et
1649 1774 1784 1813 onus
1813 1775 1989 1814 meum
2021 1760 2135 1815 leve
2164 1804 2179 1820 .
2213 1759 2348 1832 quia
2395 1762 2604 1819 sufficit
2633 1773 2730 1819 ca-

1547 1838 1695 1912 ritas
1710 1845 1813 1901 pro
1833 1829 2002 1900 hujus
2023 1830 2214 1888 oneris
2235 1833 2602 1891 relevatione.
2624 1838 2729 1891 Un-

1547 1902 1619 1957 de
1645 1907 1725 1958 ait
1741 1904 2104 1971 Hieronymus
2133 1919 2146 1958 ε
2181 1924 2207 1956 «
2231 1903 2378 1959 Nihil
2405 1905 2731 1964 amantibus

1547 1973 1775 2041 durum,
1820 1972 2007 2028 nullus
2034 1974 2197 2030 labor
2248 1974 2519 2033 difficilis.
2568 1979 2733 2034 Aine-

1546 2060 1677 2100 mus
1706 2041 2012 2113 Christum,
2044 2051 2100 2099 et
2132 2044 2296 2100 facile
2329 2047 2494 2103 nobis
2521 2048 2734 2107 videbi·

1548 2121 1645 2172 tur
1663 2130 1833 2170 omne
1855 2113 2087 2169 difficile
2111 2132 2124 2169 ε
2146 2134 2174 2168 »
2195 2115 2319 2171 haec
2340 2120 2727 2188 Hieronymus.

1553 2186 1712 2243 Unde
1733 2190 1790 2241 et
1804 2186 2185 2253 Quintilianus
2218 2186 2374 2256 dicit,
2404 2189 2556 2259 quod
2576 2190 2733 2247 nulla

1548 2273 1725 2329 poena
1740 2261 1847 2325 est,
1865 2255 1974 2311 nisi
1989 2255 2165 2313 invito
2180 2274 2193 2325 ;
2217 2258 2435 2315 nullum
2453 2261 2729 2318 babemus

1551 2329 1660 2385 nisi
1683 2329 1754 2384 de
1774 2326 2132 2411 impatientia
2152 2329 2406 2386 dolorem
2424 2348 2438 2400 ;
2459 2335 2514 2387 et
2532 2336 2592 2388 ut
2607 2348 2730 2390 cru-

1552 2401 1678 2458 dele
1699 2400 1914 2471 aliquid
1940 2404 2032 2469 sit,
2060 2406 2245 2458 metus
2267 2401 2419 2458 facit.
2445 2404 2730 2469 Quaeritur

1551 2478 1741 2555 autem
1774 2471 2017 2544 qualiter
2045 2472 2250 2546 jugum
2284 2474 2574 2548 Evangelii
2606 2492 2732 2534 sua—

1552 2561 1677 2601 vius
1714 2545 1807 2611 sit,
1850 2560 2019 2615 quam
2059 2544 2220 2615 Legis
2262 2562 2276 2601 t
2314 2562 2442 2603 cum
2479 2547 2540 2603 in
2580 2550 2729 2620 Lege

1552 2615 1624 2672 ad
1632 2614 1918 2683 ulterium,
1933 2613 1993 2669 in
2009 2615 2314 2698 Evangelio
2332 2618 2728 2689 concupiscen-

1551 2687 1658 2755 tia;
1677 2686 1736 2742 in
1757 2688 1905 2756 Lege
1928 2685 2314 2756 homicidium,
2338 2687 2396 2744 in
2420 2690 2725 2761 Evangelio

1550 2757 1639 2814 ira
1670 2757 1977 2830 puniatur?
1998 2758 2067 2813 Et
2093 2759 2493 2830 respondetur,
2526 2777 2727 2819 secun-

1553 2830 1688 2885 dum
1716 2832 2107 2898 Hieronymum
2134 2829 2267 2900 quia
2291 2828 2351 2886 in
2380 2833 2527 2901 Lege
2553 2848 2731 2902 opera

1550 2899 2019 2970 requirebantur;
2037 2899 2096 2954 in
2114 2901 2423 2970 Evangelio
2442 2901 2565 2956 sola
2578 2903 2730 2958 bona

1550 2971 1814 3027 voluntas
1841 2969 2142 3040 praemium
2170 2986 2287 3025 non
2308 2970 2535 3025 amittit.
2563 2973 2726 3040 Item,

1551 3059 1655 3099 cur
1682 3039 1820 3097 dicit
1845 3055 1992 3096 onus
2019 3039 2165 3108 leve,
2194 3055 2327 3095 cum
2355 3039 2616 3111 superius
2645 3042 2729 3098 di·

1547 3113 1713 3181 xerit,
1762 3116 2066 3182 angustam
2161 3114 2345 3167 ortam
2398 3117 2453 3167 et
2513 3116 2731 3169 arctam

1547 3186 1721 3255 viam,
1740 3199 1866 3256 quae
1885 3181 2039 3240 ducit
2065 3199 2101 3240 a
2160 3180 2334 3239 vitam
2352 3184 2466 3239 ‘IEt
2494 3199 2730 3257 respon-

1547 3259 1738 3327 detur,
1761 3256 2073 3313 secundum
2100 3256 2480 3324 Auqustinum
2506 3262 2562 3312 et
2582 3258 2736 3313 Hila-

1545 3333 1714 3398 rium,
1754 3327 1907 3399 quod
1940 3332 2099 3384 arcta
2127 3326 2217 3382 vel
2252 3333 2496 3399 angusta
2526 3326 2617 3385 via
2644 3328 2730 3385 di-

1544 3401 1714 3471 citur,
1732 3398 1868 3471 quia
1889 3402 2157 3471 angustat
2173 3396 2233 3453 in
2249 3398 2432 3469 initio,
2451 3416 2626 3472 grave
2649 3406 2736 3458 est

1545 3472 1703 3530 enim
1741 3469 2210 3528 consuetudinem
2250 3470 2578 3541 dImittere3
2631 3473 2734 3530 sed

1545 3544 1606 3601 in
1640 3559 1913 3616 processu
1952 3540 2246 3615 temporis,
2279 3541 2558 3600 ineffabili
2587 3543 2730 3601 dile-

1548 3614 1753 3672 ctionis
1783 3614 2086 3672 dulcedine
2110 3613 2404 3682 dilatatur,
2435 3613 2583 3669 sicut
2611 3618 2731 3670 stu-

1545 3686 1814 3759 pentibus
1836 3685 2103 3742 dentibus
2130 3688 2328 3754 gravat
2357 3683 2416 3739 in
2447 3682 2730 3755 principio

1547 3757 1872 3824 comedere,
1903 3756 2004 3811 sed
2027 3762 2228 3825 postea
2245 3754 2508 3811 delectat.
2532 3755 2732 3810 Suavis

1548 3844 1686 3899 ergo
1715 3830 1772 3882 et
1804 3824 1946 3881 levis
1996 3829 2085 3881 est
2118 3822 2382 3905 ‘impletio
2440 3823 2732 3895 Evangelii

1550 3894 1765 3955 amanti
1803 3899 1978 3966 atque
2017 3899 2312 3950 caritatem
2351 3895 2605 3964 habenti,
2641 3896 2733 3953 vel

1549 3969 1612 4026 in
1635 3982 1948 4042 progressu
1982 3963 2396 4033 consuescenti,
2429 3964 2514 4022 vel
2554 3966 2610 4021 in
2636 3982 2733 4023 re-

1549 4045 1745 4113 spectu
1791 4051 2029 4109 operum
2081 4033 2269 4107 Legis,
2324 4035 2414 4092 vel
2471 4041 2734 4109 respectu

1552 4113 1889 4186 exspectatae
1916 4104 2215 4164 mercedis.
