<?xml version="1.0" encoding="UTF-8"?>
<!DOCTYPE html PUBLIC "-//W3C//DTD XHTML 1.0 Transitional//EN"
    "http://www.w3.org/TR/xhtml1/DTD/xhtml1-transitional.dtd">
<html xmlns="http://www.w3.org/1999/xhtml" xml:lang="en" lang="en">
 <head>
  <title>
</title>
<meta http-equiv="Content-Type" content="text/html;charset=utf-8" />
  <meta name='ocr-system' content='tesseract 3.04.00' />
  <meta name='ocr-capabilities' content='ocr_page ocr_carea ocr_par ocr_line ocrx_word'/>
</head>
<body>
  <div class='ocr_page' id='page_1' title='image "./vitajesuchristi02rigogoog_0040.png"; bbox 0 0 3146 5023; ppageno 0'>
   <div class='ocr_carea' id='block_1_1' title="bbox 400 328 2133 415">
    <p class='ocr_par' dir='ltr' id='par_1_1' title="bbox 400 328 2133 415">
     <span class='ocr_line' id='line_1_1' title="bbox 400 328 2133 415; baseline -0.012 1"><span class='ocrx_word' id='word_1_1' title='bbox 400 360 473 415; x_wconf 66' lang='grc' dir='ltr'>»ευ</span> <span class='ocrx_word' id='word_1_2' title='bbox 1074 334 1325 404; x_wconf 59' lang='lat' dir='ltr'>vrimus</span> <span class='ocrx_word' id='word_1_3' title='bbox 1380 347 1617 402; x_wconf 74' lang='lat' dir='ltr'>miris</span> <span class='ocrx_word' id='word_1_4' title='bbox 1670 328 1892 400; x_wconf 63' lang='lat' dir='ltr'>cirus</span> <span class='ocrx_word' id='word_1_5' title='bbox 1936 345 2133 397; x_wconf 70' lang='lat' dir='ltr'>xiix.</span> 
     </span>
    </p>
   </div>
   <div class='ocr_carea' id='block_1_2' title="bbox 424 454 1593 671">
    <p class='ocr_par' dir='ltr' id='par_1_2' title="bbox 424 454 1593 671">
     <span class='ocr_line' id='line_1_2' title="bbox 428 454 1587 519; baseline -0.01 0"><span class='ocrx_word' id='word_1_6' title='bbox 428 459 671 519; x_wconf 80' lang='lat' dir='ltr'>eredidit</span> <span class='ocrx_word' id='word_1_7' title='bbox 701 454 1074 516; x_wconf 57' lang='lat' dir='ltr'>:humanitas</span> <span class='ocrx_word' id='word_1_8' title='bbox 1105 456 1256 510; x_wconf 87' lang='lat' dir='ltr'>enim</span> <span class='ocrx_word' id='word_1_9' title='bbox 1284 455 1587 510; x_wconf 81' lang='lat' dir='ltr'>vestimen-</span> 
     </span>
     <span class='ocr_line' id='line_1_3' title="bbox 425 527 1589 593; baseline -0.01 -3"><span class='ocrx_word' id='word_1_10' title='bbox 425 540 555 590; x_wconf 89' lang='lat' dir='ltr'>tum</span> <span class='ocrx_word' id='word_1_11' title='bbox 594 531 909 587; x_wconf 76' lang='lat' dir='ltr'>divinitatis</span> <span class='ocrx_word' id='word_1_12' title='bbox 952 534 1035 582; x_wconf 87' lang='lat' dir='ltr'>est</span> <span class='ocrx_word' id='word_1_13' title='bbox 1071 527 1315 582; x_wconf 86' lang='lat' dir='ltr'>Christo.</span> <span class='ocrx_word' id='word_1_14' title='bbox 1350 527 1429 580; x_wconf 90' lang='lat' dir='ltr'>De</span> <span class='ocrx_word' id='word_1_15' title='bbox 1479 540 1589 593; x_wconf 88' lang='lat' dir='ltr'>quo</span> 
     </span>
     <span class='ocr_line' id='line_1_4' title="bbox 424 596 1593 671; baseline -0.01 -11"><span class='ocrx_word' id='word_1_16' title='bbox 424 603 645 661; x_wconf 86' lang='lat' dir='ltr'>dicitur</span> <span class='ocrx_word' id='word_1_17' title='bbox 679 600 830 671; x_wconf 89' lang='lat' dir='ltr'>quod</span> <span class='ocrx_word' id='word_1_18' title='bbox 880 601 941 653; x_wconf 80' lang='lat' dir='ltr'>iu</span> <span class='ocrx_word' id='word_1_19' title='bbox 972 597 1391 652; x_wconf 73' lang='lat' dir='ltr'>similitudinem</span> <span class='ocrx_word' id='word_1_20' title='bbox 1425 596 1593 649; x_wconf 83' lang='lat' dir='ltr'>homi·</span> 
     </span>
    </p>
   </div>
   <div class='ocr_carea' id='block_1_3' title="bbox 1699 449 2884 658">
    <p class='ocr_par' dir='ltr' id='par_1_3' title="bbox 1699 449 2884 658">
     <span class='ocr_line' id='line_1_5' title="bbox 1774 449 2882 504; baseline -0.001 0"><span class='ocrx_word' id='word_1_21' title='bbox 1774 453 1807 504; x_wconf 87' lang='lat'>8</span> <span class='ocrx_word' id='word_1_22' title='bbox 1832 449 2099 504; x_wconf 75' lang='lat' dir='ltr'>Cmusrus</span> <span class='ocrx_word' id='word_1_23' title='bbox 2127 463 2313 503; x_wconf 65' lang='lat' dir='ltr'>nouum</span> <span class='ocrx_word' id='word_1_24' title='bbox 2338 449 2480 502; x_wconf 63' lang='lat' dir='ltr'>Janu</span> <span class='ocrx_word' id='word_1_25' title='bbox 2521 463 2754 503; x_wconf 71' lang='lat' dir='ltr'>mrms</span> <span class='ocrx_word' id='word_1_26' title='bbox 2780 463 2882 504; x_wconf 77' lang='lat' dir='ltr'>&#39;ru-</span> 
     </span>
     <span class='ocr_line' id='line_1_6' title="bbox 1704 534 2884 576; baseline -0.002 -1"><span class='ocrx_word' id='word_1_27' title='bbox 1704 536 2059 576; x_wconf 72' lang='lat' dir='ltr'>uumumru</span> <span class='ocrx_word' id='word_1_28' title='bbox 2109 535 2323 574; x_wconf 65' lang='lat' dir='ltr'>‘runnu</span> <span class='ocrx_word' id='word_1_29' title='bbox 2365 535 2529 573; x_wconf 71' lang='lat' dir='ltr'>ramo</span> <span class='ocrx_word' id='word_1_30' title='bbox 2576 534 2760 574; x_wconf 71' lang='lat' dir='ltr'>meir.</span> <span class='ocrx_word' id='word_1_31' title='bbox 2807 547 2884 560; x_wconf 90' lang='lat'>—</span> 
     </span>
     <span class='ocr_line' id='line_1_7' title="bbox 1699 587 2882 658; baseline -0.002 -12"><span class='ocrx_word' id='word_1_32' title='bbox 1699 591 1938 658; x_wconf 87' lang='lat' dir='ltr'>Deinde,</span> <span class='ocrx_word' id='word_1_33' title='bbox 1966 605 2094 645; x_wconf 88' lang='lat' dir='ltr'>cum</span> <span class='ocrx_word' id='word_1_34' title='bbox 2128 587 2313 644; x_wconf 87' lang='lat' dir='ltr'>nuntii</span> <span class='ocrx_word' id='word_1_35' title='bbox 2349 589 2423 643; x_wconf 91' lang='lat' dir='ltr'>ad</span> <span class='ocrx_word' id='word_1_36' title='bbox 2459 590 2882 658; x_wconf 82' lang='lat' dir='ltr'>Archisvnago-</span> 
     </span>
    </p>
   </div>
   <div class='ocr_carea' id='block_1_4' title="bbox 426 644 2881 742">
    <p class='ocr_par' dir='ltr' id='par_1_4' title="bbox 426 644 2881 742">
     <span class='ocr_line' id='line_1_8' title="bbox 426 644 2881 742; baseline -0.007 -11"><span class='ocrx_word' id='word_1_37' title='bbox 426 691 562 731; x_wconf 85' lang='lat' dir='ltr'>num</span> <span class='ocrx_word' id='word_1_38' title='bbox 588 677 774 742; x_wconf 77' lang='lat' dir='ltr'>factus</span> <span class='ocrx_word' id='word_1_39' title='bbox 801 675 904 738; x_wconf 87' lang='lat' dir='ltr'>est,</span> <span class='ocrx_word' id='word_1_40' title='bbox 937 674 988 723; x_wconf 81' lang='lat' dir='ltr'>et</span> <span class='ocrx_word' id='word_1_41' title='bbox 1024 669 1219 723; x_wconf 77' lang='lat' dir='ltr'>habitu</span> <span class='ocrx_word' id='word_1_42' title='bbox 1245 671 1499 722; x_wconf 80' lang='lat' dir='ltr'>inventus</span> <span class='ocrx_word' id='word_1_43' title='bbox 1528 670 1594 720; x_wconf 85' lang='lat' dir='ltr'>ut</span> <span class='ocrx_word' id='word_1_44' title='bbox 1700 677 1832 732; x_wconf 88' lang='lat' dir='ltr'>gum</span> <span class='ocrx_word' id='word_1_45' title='bbox 1886 661 2185 728; x_wconf 79' lang='lat' dir='ltr'>venissent,</span> <span class='ocrx_word' id='word_1_46' title='bbox 2242 661 2493 727; x_wconf 85' lang='lat' dir='ltr'>dicentes</span> <span class='ocrx_word' id='word_1_47' title='bbox 2533 644 2680 729; x_wconf 67' lang='lat' dir='ltr'>ejus⁰</span> <span class='ocrx_word' id='word_1_48' title='bbox 2699 659 2881 715; x_wconf 88' lang='lat' dir='ltr'>filiam</span> 
     </span>
    </p>
   </div>
   <div class='ocr_carea' id='block_1_5' title="bbox 412 738 1600 2867">
    <p class='ocr_par' dir='ltr' id='par_1_5' title="bbox 412 738 1600 2499">
     <span class='ocr_line' id='line_1_9' title="bbox 429 738 1591 810; baseline -0.01 -8"><span class='ocrx_word' id='word_1_49' title='bbox 429 746 604 802; x_wconf 70' lang='lat' dir='ltr'>homo.</span> <span class='ocrx_word' id='word_1_50' title='bbox 636 745 704 798; x_wconf 88' lang='lat' dir='ltr'>Et</span> <span class='ocrx_word' id='word_1_51' title='bbox 738 749 872 797; x_wconf 88' lang='lat' dir='ltr'>tunc</span> <span class='ocrx_word' id='word_1_52' title='bbox 909 755 939 795; x_wconf 89' lang='lat' dir='ltr'>a</span> <span class='ocrx_word' id='word_1_53' title='bbox 988 740 1139 794; x_wconf 82' lang='lat' dir='ltr'>fluxu</span> <span class='ocrx_word' id='word_1_54' title='bbox 1179 738 1473 810; x_wconf 81' lang='lat' dir='ltr'>sanguinis</span> <span class='ocrx_word' id='word_1_55' title='bbox 1499 751 1591 790; x_wconf 91' lang='lat' dir='ltr'>sa-</span> 
     </span>
     <span class='ocr_line' id='line_1_10' title="bbox 417 808 1592 882; baseline -0.01 -9"><span class='ocrx_word' id='word_1_56' title='bbox 417 823 553 873; x_wconf 87' lang='lat' dir='ltr'>nata</span> <span class='ocrx_word' id='word_1_57' title='bbox 599 814 725 881; x_wconf 77' lang='lat' dir='ltr'>fuit,</span> <span class='ocrx_word' id='word_1_58' title='bbox 774 812 908 882; x_wconf 89' lang='lat' dir='ltr'>quia</span> <span class='ocrx_word' id='word_1_59' title='bbox 962 809 1199 865; x_wconf 78' lang='lat' dir='ltr'>fundere</span> <span class='ocrx_word' id='word_1_60' title='bbox 1257 808 1592 878; x_wconf 82' lang='lat' dir='ltr'>sanguinem</span> 
     </span>
     <span class='ocr_line' id='line_1_11' title="bbox 422 878 1590 949; baseline -0.009 -6"><span class='ocrx_word' id='word_1_61' title='bbox 422 887 765 944; x_wconf 82' lang='lat' dir='ltr'>catholicum</span> <span class='ocrx_word' id='word_1_62' title='bbox 797 882 1030 949; x_wconf 82' lang='lat' dir='ltr'>destitit,</span> <span class='ocrx_word' id='word_1_63' title='bbox 1060 887 1115 935; x_wconf 88' lang='lat' dir='ltr'>et</span> <span class='ocrx_word' id='word_1_64' title='bbox 1133 880 1205 935; x_wconf 89' lang='lat' dir='ltr'>ab</span> <span class='ocrx_word' id='word_1_65' title='bbox 1233 878 1590 944; x_wconf 86' lang='lat' dir='ltr'>idololatriae,</span> 
     </span>
     <span class='ocr_line' id='line_1_12' title="bbox 429 947 1600 1021; baseline -0.01 -7"><span class='ocrx_word' id='word_1_66' title='bbox 429 974 494 1016; x_wconf 88' lang='lat' dir='ltr'>ac</span> <span class='ocrx_word' id='word_1_67' title='bbox 540 956 731 1011; x_wconf 66' lang='lat' dir='ltr'>‘carnis</span> <span class='ocrx_word' id='word_1_68' title='bbox 777 953 1170 1020; x_wconf 83' lang='lat' dir='ltr'>delectatione,</span> <span class='ocrx_word' id='word_1_69' title='bbox 1204 958 1261 1006; x_wconf 89' lang='lat' dir='ltr'>et</span> <span class='ocrx_word' id='word_1_70' title='bbox 1305 947 1600 1021; x_wconf 86' lang='lat' dir='ltr'>sanguinis·</span> 
     </span>
     <span class='ocr_line' id='line_1_13' title="bbox 424 1019 1592 1092; baseline -0.011 -6"><span class='ocrx_word' id='word_1_71' title='bbox 424 1026 699 1086; x_wconf 81' lang='lat' dir='ltr'>effusione</span> <span class='ocrx_word' id='word_1_72' title='bbox 731 1029 930 1079; x_wconf 87' lang='lat' dir='ltr'>sanata</span> <span class='ocrx_word' id='word_1_73' title='bbox 966 1021 1091 1090; x_wconf 86' lang='lat' dir='ltr'>suit,</span> <span class='ocrx_word' id='word_1_74' title='bbox 1125 1038 1192 1077; x_wconf 90' lang='lat' dir='ltr'>ac</span> <span class='ocrx_word' id='word_1_75' title='bbox 1220 1022 1291 1077; x_wconf 90' lang='lat' dir='ltr'>ab</span> <span class='ocrx_word' id='word_1_76' title='bbox 1320 1022 1439 1092; x_wconf 85' lang='lat' dir='ltr'>ejus</span> <span class='ocrx_word' id='word_1_77' title='bbox 1469 1019 1592 1089; x_wconf 92' lang='lat' dir='ltr'>pol-</span> 
     </span>
     <span class='ocr_line' id='line_1_14' title="bbox 422 1091 1595 1162; baseline -0.01 -5"><span class='ocrx_word' id='word_1_78' title='bbox 422 1100 638 1157; x_wconf 89' lang='lat' dir='ltr'>lutione</span> <span class='ocrx_word' id='word_1_79' title='bbox 662 1095 915 1151; x_wconf 79' lang='lat' dir='ltr'>cessavit.</span> <span class='ocrx_word' id='word_1_80' title='bbox 948 1095 1226 1162; x_wconf 85' lang='lat' dir='ltr'>Pergente</span> <span class='ocrx_word' id='word_1_81' title='bbox 1260 1098 1449 1147; x_wconf 88' lang='lat' dir='ltr'>autem</span> <span class='ocrx_word' id='word_1_82' title='bbox 1483 1091 1595 1145; x_wconf 95' lang='lat' dir='ltr'>Do-</span> 
     </span>
     <span class='ocr_line' id='line_1_15' title="bbox 429 1164 1594 1236; baseline -0.01 -9"><span class='ocrx_word' id='word_1_83' title='bbox 429 1172 588 1228; x_wconf 89' lang='lat' dir='ltr'>mino</span> <span class='ocrx_word' id='word_1_84' title='bbox 622 1168 692 1222; x_wconf 94' lang='lat' dir='ltr'>ad</span> <span class='ocrx_word' id='word_1_85' title='bbox 744 1166 918 1221; x_wconf 87' lang='lat' dir='ltr'>filiam</span> <span class='ocrx_word' id='word_1_86' title='bbox 952 1164 1415 1236; x_wconf 80' lang='lat' dir='ltr'>Archisynagogi,</span> <span class='ocrx_word' id='word_1_87' title='bbox 1467 1177 1594 1216; x_wconf 91' lang='lat' dir='ltr'>mu-</span> 
     </span>
     <span class='ocr_line' id='line_1_16' title="bbox 433 1231 1599 1305; baseline -0.01 -7"><span class='ocrx_word' id='word_1_88' title='bbox 433 1241 543 1300; x_wconf 88' lang='lat' dir='ltr'>lier</span> <span class='ocrx_word' id='word_1_89' title='bbox 575 1239 839 1294; x_wconf 86' lang='lat' dir='ltr'>morbosa</span> <span class='ocrx_word' id='word_1_90' title='bbox 867 1241 1063 1290; x_wconf 81' lang='lat' dir='ltr'>sanata</span> <span class='ocrx_word' id='word_1_91' title='bbox 1093 1242 1197 1303; x_wconf 86' lang='lat' dir='ltr'>est,</span> <span class='ocrx_word' id='word_1_92' title='bbox 1223 1235 1355 1305; x_wconf 87' lang='lat' dir='ltr'>quia</span> <span class='ocrx_word' id='word_1_93' title='bbox 1383 1234 1463 1288; x_wconf 89' lang='lat' dir='ltr'>sic</span> <span class='ocrx_word' id='word_1_94' title='bbox 1487 1231 1599 1287; x_wconf 91' lang='lat' dir='ltr'>dis-</span> 
     </span>
     <span class='ocr_line' id='line_1_17' title="bbox 422 1303 1596 1383; baseline -0.008 -17"><span class='ocrx_word' id='word_1_95' title='bbox 422 1316 657 1383; x_wconf 88' lang='lat' dir='ltr'>pensata</span> <span class='ocrx_word' id='word_1_96' title='bbox 686 1314 769 1363; x_wconf 90' lang='lat' dir='ltr'>est</span> <span class='ocrx_word' id='word_1_97' title='bbox 796 1307 945 1361; x_wconf 89' lang='lat' dir='ltr'>salus</span> <span class='ocrx_word' id='word_1_98' title='bbox 983 1306 1217 1360; x_wconf 86' lang='lat' dir='ltr'>humani</span> <span class='ocrx_word' id='word_1_99' title='bbox 1265 1303 1510 1375; x_wconf 75' lang='lat' dir='ltr'>generiS,</span> <span class='ocrx_word' id='word_1_100' title='bbox 1533 1308 1596 1357; x_wconf 91' lang='lat' dir='ltr'>ut</span> 
     </span>
     <span class='ocr_line' id='line_1_18' title="bbox 418 1375 1593 1453; baseline -0.008 -16"><span class='ocrx_word' id='word_1_101' title='bbox 418 1381 604 1453; x_wconf 81' lang='lat' dir='ltr'>primo</span> <span class='ocrx_word' id='word_1_102' title='bbox 634 1379 808 1449; x_wconf 86' lang='lat' dir='ltr'>aliqui</span> <span class='ocrx_word' id='word_1_103' title='bbox 848 1393 914 1432; x_wconf 86' lang='lat' dir='ltr'>ex</span> <span class='ocrx_word' id='word_1_104' title='bbox 954 1377 1146 1446; x_wconf 89' lang='lat' dir='ltr'>Israel,</span> <span class='ocrx_word' id='word_1_105' title='bbox 1178 1376 1382 1431; x_wconf 89' lang='lat' dir='ltr'>deinde</span> <span class='ocrx_word' id='word_1_106' title='bbox 1414 1375 1593 1446; x_wconf 89' lang='lat' dir='ltr'>pleni-</span> 
     </span>
     <span class='ocr_line' id='line_1_19' title="bbox 420 1446 1596 1514; baseline -0.008 -6"><span class='ocrx_word' id='word_1_107' title='bbox 420 1453 557 1510; x_wconf 88' lang='lat' dir='ltr'>tudo</span> <span class='ocrx_word' id='word_1_108' title='bbox 589 1451 851 1506; x_wconf 91' lang='lat' dir='ltr'>Gentium</span> <span class='ocrx_word' id='word_1_109' title='bbox 893 1449 1153 1514; x_wconf 82' lang='lat' dir='ltr'>intraret,</span> <span class='ocrx_word' id='word_1_110' title='bbox 1202 1453 1259 1502; x_wconf 89' lang='lat' dir='ltr'>et</span> <span class='ocrx_word' id='word_1_111' title='bbox 1301 1446 1378 1501; x_wconf 90' lang='lat' dir='ltr'>sic</span> <span class='ocrx_word' id='word_1_112' title='bbox 1413 1446 1596 1500; x_wconf 90' lang='lat' dir='ltr'>omnis</span> 
     </span>
     <span class='ocr_line' id='line_1_20' title="bbox 428 1516 1596 1579; baseline -0.007 -1"><span class='ocrx_word' id='word_1_113' title='bbox 428 1521 600 1579; x_wconf 89' lang='lat' dir='ltr'>Israel</span> <span class='ocrx_word' id='word_1_114' title='bbox 634 1520 821 1576; x_wconf 85' lang='lat' dir='ltr'>salvus</span> <span class='ocrx_word' id='word_1_115' title='bbox 846 1519 1028 1574; x_wconf 86' lang='lat' dir='ltr'>fieret.</span> <span class='ocrx_word' id='word_1_116' title='bbox 1056 1516 1481 1573; x_wconf 86' lang='lat' dir='ltr'>Haemorrhoica</span> <span class='ocrx_word' id='word_1_117' title='bbox 1498 1532 1596 1571; x_wconf 90' lang='lat' dir='ltr'>au-</span> 
     </span>
     <span class='ocr_line' id='line_1_21' title="bbox 420 1588 1590 1661; baseline -0.008 -12"><span class='ocrx_word' id='word_1_118' title='bbox 420 1603 535 1650; x_wconf 89' lang='lat' dir='ltr'>tem</span> <span class='ocrx_word' id='word_1_119' title='bbox 563 1599 781 1661; x_wconf 88' lang='lat' dir='ltr'>sanata,</span> <span class='ocrx_word' id='word_1_120' title='bbox 813 1588 1268 1660; x_wconf 82' lang='lat' dir='ltr'>Archisynagogi</span> <span class='ocrx_word' id='word_1_121' title='bbox 1298 1588 1414 1642; x_wconf 85' lang='lat' dir='ltr'>iilia</span> <span class='ocrx_word' id='word_1_122' title='bbox 1440 1603 1590 1642; x_wconf 89' lang='lat' dir='ltr'>nun-</span> 
     </span>
     <span class='ocr_line' id='line_1_22' title="bbox 412 1659 1591 1730; baseline -0.009 -8"><span class='ocrx_word' id='word_1_123' title='bbox 412 1667 592 1722; x_wconf 89' lang='lat' dir='ltr'>tiatur</span> <span class='ocrx_word' id='word_1_124' title='bbox 619 1669 861 1728; x_wconf 88' lang='lat' dir='ltr'>mortua,</span> <span class='ocrx_word' id='word_1_125' title='bbox 879 1662 1016 1730; x_wconf 90' lang='lat' dir='ltr'>quia</span> <span class='ocrx_word' id='word_1_126' title='bbox 1034 1662 1165 1714; x_wconf 90' lang='lat' dir='ltr'>dum</span> <span class='ocrx_word' id='word_1_127' title='bbox 1193 1659 1494 1714; x_wconf 87' lang='lat' dir='ltr'>Gentilitas</span> <span class='ocrx_word' id='word_1_128' title='bbox 1519 1659 1591 1712; x_wconf 88' lang='lat' dir='ltr'>ad</span> 
     </span>
     <span class='ocr_line' id='line_1_23' title="bbox 424 1729 1591 1801; baseline -0.007 -9"><span class='ocrx_word' id='word_1_129' title='bbox 424 1739 603 1792; x_wconf 90' lang='lat' dir='ltr'>Deum</span> <span class='ocrx_word' id='word_1_130' title='bbox 634 1733 1005 1799; x_wconf 88' lang='lat' dir='ltr'>convertitur,</span> <span class='ocrx_word' id='word_1_131' title='bbox 1031 1746 1314 1801; x_wconf 83' lang='lat' dir='ltr'>synagoga</span> <span class='ocrx_word' id='word_1_132' title='bbox 1337 1729 1591 1798; x_wconf 79' lang='lat' dir='ltr'>perfidiae</span> 
     </span>
     <span class='ocr_line' id='line_1_24' title="bbox 420 1800 1586 1863; baseline -0.006 -1"><span class='ocrx_word' id='word_1_133' title='bbox 420 1815 484 1863; x_wconf 86' lang='lat' dir='ltr'>et</span> <span class='ocrx_word' id='word_1_134' title='bbox 543 1807 773 1861; x_wconf 79' lang='lat' dir='ltr'>invidiae</span> <span class='ocrx_word' id='word_1_135' title='bbox 814 1809 965 1856; x_wconf 90' lang='lat' dir='ltr'>recte</span> <span class='ocrx_word' id='word_1_136' title='bbox 1002 1807 1228 1856; x_wconf 89' lang='lat' dir='ltr'>mortua</span> <span class='ocrx_word' id='word_1_137' title='bbox 1272 1800 1586 1856; x_wconf 88' lang='lat' dir='ltr'>nuntiatur.</span> 
     </span>
     <span class='ocr_line' id='line_1_25' title="bbox 425 1870 1587 1943; baseline -0.008 -10"><span class='ocrx_word' id='word_1_138' title='bbox 425 1880 544 1933; x_wconf 89' lang='lat' dir='ltr'>Hoc</span> <span class='ocrx_word' id='word_1_139' title='bbox 573 1878 742 1931; x_wconf 88' lang='lat' dir='ltr'>etiam</span> <span class='ocrx_word' id='word_1_140' title='bbox 771 1871 1148 1943; x_wconf 82' lang='lat' dir='ltr'>significatum</span> <span class='ocrx_word' id='word_1_141' title='bbox 1190 1870 1298 1925; x_wconf 77' lang='lat' dir='ltr'>fuit</span> <span class='ocrx_word' id='word_1_142' title='bbox 1336 1870 1394 1924; x_wconf 91' lang='lat' dir='ltr'>in</span> <span class='ocrx_word' id='word_1_143' title='bbox 1422 1884 1587 1938; x_wconf 91' lang='lat' dir='ltr'>para-</span> 
     </span>
     <span class='ocr_line' id='line_1_26' title="bbox 416 1940 1590 2012; baseline -0.006 -9"><span class='ocrx_word' id='word_1_144' title='bbox 416 1949 547 2004; x_wconf 87' lang='lat' dir='ltr'>bola</span> <span class='ocrx_word' id='word_1_145' title='bbox 575 1947 644 2002; x_wconf 90' lang='lat' dir='ltr'>de</span> <span class='ocrx_word' id='word_1_146' title='bbox 687 1943 903 2000; x_wconf 90' lang='lat' dir='ltr'>duobus</span> <span class='ocrx_word' id='word_1_147' title='bbox 936 1941 1085 2008; x_wconf 79' lang='lat' dir='ltr'>filiis,</span> <span class='ocrx_word' id='word_1_148' title='bbox 1122 1956 1362 2012; x_wconf 90' lang='lat' dir='ltr'>quorum</span> <span class='ocrx_word' id='word_1_149' title='bbox 1399 1940 1590 1996; x_wconf 89' lang='lat' dir='ltr'>senior</span> 
     </span>
     <span class='ocr_line' id='line_1_27' title="bbox 420 2013 1585 2083; baseline -0.005 -9"><span class='ocrx_word' id='word_1_150' title='bbox 420 2019 491 2074; x_wconf 88' lang='lat' dir='ltr'>de</span> <span class='ocrx_word' id='word_1_151' title='bbox 535 2014 906 2074; x_wconf 76' lang='lat' dir='ltr'>conversione</span> <span class='ocrx_word' id='word_1_152' title='bbox 942 2014 1277 2069; x_wconf 80' lang='lat' dir='ltr'>tristabatur</span> <span class='ocrx_word' id='word_1_153' title='bbox 1318 2013 1585 2083; x_wconf 81' lang='lat' dir='ltr'>junioriS.</span> 
     </span>
     <span class='ocr_line' id='line_1_28' title="bbox 416 2086 1585 2153; baseline -0.008 -7"><span class='ocrx_word' id='word_1_154' title='bbox 416 2090 577 2146; x_wconf 85' lang='lat' dir='ltr'>Unde</span> <span class='ocrx_word' id='word_1_155' title='bbox 607 2088 936 2144; x_wconf 80' lang='lat' dir='ltr'>Ambrosius</span> <span class='ocrx_word' id='word_1_156' title='bbox 962 2104 1027 2140; x_wconf 72' lang='lat' dir='ltr'>z«</span> <span class='ocrx_word' id='word_1_157' title='bbox 1060 2086 1236 2151; x_wconf 88' lang='lat' dir='ltr'>Quem</span> <span class='ocrx_word' id='word_1_158' title='bbox 1262 2091 1451 2140; x_wconf 87' lang='lat' dir='ltr'>autem</span> <span class='ocrx_word' id='word_1_159' title='bbox 1480 2099 1585 2153; x_wconf 91' lang='lat' dir='ltr'>pu-</span> 
     </span>
     <span class='ocr_line' id='line_1_29' title="bbox 414 2154 1586 2232; baseline -0.008 -15"><span class='ocrx_word' id='word_1_160' title='bbox 414 2167 599 2218; x_wconf 85' lang='lat' dir='ltr'>tamus</span> <span class='ocrx_word' id='word_1_161' title='bbox 624 2173 925 2232; x_wconf 74' lang='lat' dir='ltr'>synagogae</span> <span class='ocrx_word' id='word_1_162' title='bbox 960 2158 1271 2226; x_wconf 81' lang='lat' dir='ltr'>principem</span> <span class='ocrx_word' id='word_1_163' title='bbox 1301 2171 1443 2223; x_wconf 88' lang='lat' dir='ltr'>esse,</span> <span class='ocrx_word' id='word_1_164' title='bbox 1476 2154 1586 2209; x_wconf 88' lang='lat' dir='ltr'>nisi</span> 
     </span>
     <span class='ocr_line' id='line_1_30' title="bbox 415 2224 1585 2303; baseline -0.008 -15"><span class='ocrx_word' id='word_1_165' title='bbox 415 2233 645 2303; x_wconf 78' lang='lat' dir='ltr'>Legem,</span> <span class='ocrx_word' id='word_1_166' title='bbox 687 2231 843 2300; x_wconf 85' lang='lat' dir='ltr'>cujus</span> <span class='ocrx_word' id='word_1_167' title='bbox 887 2227 1363 2297; x_wconf 81' lang='lat' dir='ltr'>contemplatione</span> <span class='ocrx_word' id='word_1_168' title='bbox 1393 2224 1585 2281; x_wconf 90' lang='lat' dir='ltr'>Domi-</span> 
     </span>
     <span class='ocr_line' id='line_1_31' title="bbox 417 2296 1586 2373; baseline -0.007 -16"><span class='ocrx_word' id='word_1_169' title='bbox 417 2318 525 2359; x_wconf 85' lang='lat' dir='ltr'>nus</span> <span class='ocrx_word' id='word_1_170' title='bbox 567 2315 915 2373; x_wconf 77' lang='lat' dir='ltr'>synagogam</span> <span class='ocrx_word' id='word_1_171' title='bbox 958 2315 1072 2355; x_wconf 92' lang='lat' dir='ltr'>non</span> <span class='ocrx_word' id='word_1_172' title='bbox 1128 2299 1350 2368; x_wconf 89' lang='lat' dir='ltr'>penitus</span> <span class='ocrx_word' id='word_1_173' title='bbox 1379 2296 1586 2351; x_wconf 90' lang='lat' dir='ltr'>dereli-</span> 
     </span>
     <span class='ocr_line' id='line_1_32' title="bbox 418 2367 1583 2499; baseline -0.005 -72"><span class='ocrx_word' id='word_1_174' title='bbox 418 2370 584 2499; x_wconf 47' lang='lat' dir='ltr'>quit?</span> <span class='ocrx_word' id='word_1_175' title='bbox 611 2373 695 2426; x_wconf 85' lang='lat' dir='ltr'>Ad</span> <span class='ocrx_word' id='word_1_176' title='bbox 719 2373 865 2425; x_wconf 91' lang='lat' dir='ltr'>hanc</span> <span class='ocrx_word' id='word_1_177' title='bbox 884 2374 1073 2425; x_wconf 89' lang='lat' dir='ltr'>autem</span> <span class='ocrx_word' id='word_1_178' title='bbox 1095 2369 1365 2439; x_wconf 89' lang='lat' dir='ltr'>principis</span> <span class='ocrx_word' id='word_1_179' title='bbox 1385 2367 1583 2431; x_wconf 83' lang='lat' dir='ltr'>filiam,</span> 
     </span>
    </p>

    <p class='ocr_par' dir='ltr' id='par_1_6' title="bbox 420 2438 1596 2867">
     <span class='ocr_line' id='line_1_33' title="bbox 465 2438 1589 2513; baseline -0.006 -15"><span class='ocrx_word' id='word_1_180' title='bbox 465 2459 560 2498; x_wconf 92' lang='lat' dir='ltr'>um</span> <span class='ocrx_word' id='word_1_181' title='bbox 592 2447 859 2513; x_wconf 84' lang='lat' dir='ltr'>properat</span> <span class='ocrx_word' id='word_1_182' title='bbox 880 2441 982 2494; x_wconf 91' lang='lat' dir='ltr'>Dei</span> <span class='ocrx_word' id='word_1_183' title='bbox 1011 2440 1282 2507; x_wconf 90' lang='lat' dir='ltr'>Verbum,</span> <span class='ocrx_word' id='word_1_184' title='bbox 1311 2444 1372 2495; x_wconf 89' lang='lat' dir='ltr'>ut</span> <span class='ocrx_word' id='word_1_185' title='bbox 1406 2438 1589 2493; x_wconf 81' lang='lat' dir='ltr'>salvos</span> 
     </span>
     <span class='ocr_line' id='line_1_34' title="bbox 422 2509 1590 2582; baseline -0.005 -12"><span class='ocrx_word' id='word_1_186' title='bbox 422 2514 639 2570; x_wconf 83' lang='lat' dir='ltr'>faceret</span> <span class='ocrx_word' id='word_1_187' title='bbox 682 2513 833 2568; x_wconf 86' lang='lat' dir='ltr'>filios</span> <span class='ocrx_word' id='word_1_188' title='bbox 873 2511 1068 2582; x_wconf 81' lang='lat' dir='ltr'>lsrael,</span> <span class='ocrx_word' id='word_1_189' title='bbox 1102 2518 1296 2567; x_wconf 85' lang='lat' dir='ltr'>sancta</span> <span class='ocrx_word' id='word_1_190' title='bbox 1340 2509 1590 2566; x_wconf 86' lang='lat' dir='ltr'>Ecclesia</span> 
     </span>
     <span class='ocr_line' id='line_1_35' title="bbox 420 2580 1590 2654; baseline -0.008 -12"><span class='ocrx_word' id='word_1_191' title='bbox 420 2602 494 2642; x_wconf 86' lang='lat' dir='ltr'>ex</span> <span class='ocrx_word' id='word_1_192' title='bbox 519 2585 792 2641; x_wconf 85' lang='lat' dir='ltr'>Gentibus</span> <span class='ocrx_word' id='word_1_193' title='bbox 813 2588 1179 2654; x_wconf 82' lang='lat' dir='ltr'>congregata,</span> <span class='ocrx_word' id='word_1_194' title='bbox 1202 2597 1330 2652; x_wconf 85' lang='lat' dir='ltr'>quae</span> <span class='ocrx_word' id='word_1_195' title='bbox 1363 2580 1590 2638; x_wconf 87' lang='lat' dir='ltr'>inferio-</span> 
     </span>
     <span class='ocr_line' id='line_1_36' title="bbox 422 2654 1589 2727; baseline -0.004 -15"><span class='ocrx_word' id='word_1_196' title='bbox 422 2672 551 2712; x_wconf 90' lang='lat' dir='ltr'>rum</span> <span class='ocrx_word' id='word_1_197' title='bbox 590 2657 745 2727; x_wconf 84' lang='lat' dir='ltr'>lapsu</span> <span class='ocrx_word' id='word_1_198' title='bbox 774 2656 1076 2710; x_wconf 89' lang='lat' dir='ltr'>criminum</span> <span class='ocrx_word' id='word_1_199' title='bbox 1109 2654 1456 2723; x_wconf 86' lang='lat' dir='ltr'>deperiebat,</span> <span class='ocrx_word' id='word_1_200' title='bbox 1487 2668 1589 2723; x_wconf 91' lang='lat' dir='ltr'>pa-</span> 
     </span>
     <span class='ocr_line' id='line_1_37' title="bbox 424 2724 1589 2796; baseline -0.004 -11"><span class='ocrx_word' id='word_1_201' title='bbox 424 2735 610 2785; x_wconf 86' lang='lat' dir='ltr'>ratam</span> <span class='ocrx_word' id='word_1_202' title='bbox 638 2726 766 2782; x_wconf 86' lang='lat' dir='ltr'>aliis</span> <span class='ocrx_word' id='word_1_203' title='bbox 794 2727 906 2782; x_wconf 87' lang='lat' dir='ltr'>fide</span> <span class='ocrx_word' id='word_1_204' title='bbox 936 2724 1231 2796; x_wconf 86' lang='lat' dir='ltr'>praeripuit</span> <span class='ocrx_word' id='word_1_205' title='bbox 1265 2724 1589 2780; x_wconf 87' lang='lat' dir='ltr'>sanitatem.</span> 
     </span>
     <span class='ocr_line' id='line_1_38' title="bbox 420 2795 1596 2867; baseline -0.006 -11"><span class='ocrx_word' id='word_1_206' title='bbox 420 2801 569 2867; x_wconf 86' lang='lat' dir='ltr'>Quid</span> <span class='ocrx_word' id='word_1_207' title='bbox 594 2804 783 2854; x_wconf 89' lang='lat' dir='ltr'>autem</span> <span class='ocrx_word' id='word_1_208' title='bbox 814 2797 1087 2867; x_wconf 76' lang='lat' dir='ltr'>sibi&#39;vult,</span> <span class='ocrx_word' id='word_1_209' title='bbox 1114 2796 1264 2867; x_wconf 90' lang='lat' dir='ltr'>quod</span> <span class='ocrx_word' id='word_1_210' title='bbox 1290 2796 1413 2852; x_wconf 86' lang='lat' dir='ltr'>haec</span> <span class='ocrx_word' id='word_1_211' title='bbox 1442 2795 1596 2865; x_wconf 88' lang='lat' dir='ltr'>prin-</span> 
     </span>
    </p>
   </div>
   <div class='ocr_carea' id='block_1_6' title="bbox 292 2867 1592 2957">
    <p class='ocr_par' dir='ltr' id='par_1_7' title="bbox 292 2867 1592 2957">
     <span class='ocr_line' id='line_1_39' title="bbox 292 2867 1592 2957; baseline -0.004 -31"><span class='ocrx_word' id='word_1_212' title='bbox 292 2952 296 2957; x_wconf 19' lang='grc' dir='ltr'>ι</span> <span class='ocrx_word' id='word_1_213' title='bbox 390 2885 393 2888; x_wconf 69' lang='grc'><strong><em>’</em></strong></span> <span class='ocrx_word' id='word_1_214' title='bbox 423 2872 562 2957; x_wconf 75' lang='lat' dir='ltr'>cipis</span> <span class='ocrx_word' id='word_1_215' title='bbox 594 2872 906 2942; x_wconf 81' lang='lat' dir='ltr'>Synagogae</span> <span class='ocrx_word' id='word_1_216' title='bbox 942 2868 1061 2925; x_wconf 84' lang='lat' dir='ltr'>fiiia</span> <span class='ocrx_word' id='word_1_217' title='bbox 1088 2882 1358 2924; x_wconf 83' lang='lat' dir='ltr'>annorum</span> <span class='ocrx_word' id='word_1_218' title='bbox 1387 2867 1592 2922; x_wconf 84' lang='lat' dir='ltr'>duode-</span> 
     </span>
    </p>
   </div>
   <div class='ocr_carea' id='block_1_7' title="bbox 417 2939 1604 3793">
    <p class='ocr_par' dir='ltr' id='par_1_8' title="bbox 417 2939 1604 3793">
     <span class='ocr_line' id='line_1_40' title="bbox 417 2939 1594 3011; baseline -0.006 -12"><span class='ocrx_word' id='word_1_219' title='bbox 417 2959 528 2999; x_wconf 65' lang='lat' dir='ltr'>cim</span> <span class='ocrx_word' id='word_1_220' title='bbox 555 2941 927 3011; x_wconf 87' lang='lat' dir='ltr'>moriebatur,</span> <span class='ocrx_word' id='word_1_221' title='bbox 957 2945 1017 2996; x_wconf 89' lang='lat' dir='ltr'>et</span> <span class='ocrx_word' id='word_1_222' title='bbox 1045 2940 1252 2996; x_wconf 89' lang='lat' dir='ltr'>mulier</span> <span class='ocrx_word' id='word_1_223' title='bbox 1286 2940 1392 2994; x_wconf 88' lang='lat' dir='ltr'>ista</span> <span class='ocrx_word' id='word_1_224' title='bbox 1435 2939 1594 2993; x_wconf 86' lang='lat' dir='ltr'>fluxu</span> 
     </span>
     <span class='ocr_line' id='line_1_41' title="bbox 427 3010 1595 3086; baseline -0.007 -15"><span class='ocrx_word' id='word_1_225' title='bbox 427 3014 725 3086; x_wconf 80' lang='lat' dir='ltr'>sanguinis</span> <span class='ocrx_word' id='word_1_226' title='bbox 750 3013 824 3067; x_wconf 85' lang='lat' dir='ltr'>ab</span> <span class='ocrx_word' id='word_1_227' title='bbox 850 3014 1017 3067; x_wconf 81' lang='lat' dir='ltr'>annis</span> <span class='ocrx_word' id='word_1_228' title='bbox 1052 3012 1338 3066; x_wconf 81' lang='lat' dir='ltr'>duodecim</span> <span class='ocrx_word' id='word_1_229' title='bbox 1365 3010 1595 3064; x_wconf 84' lang='lat' dir='ltr'>labora-</span> 
     </span>
     <span class='ocr_line' id='line_1_42' title="bbox 425 3080 1593 3153; baseline -0.006 -13"><span class='ocrx_word' id='word_1_230' title='bbox 425 3086 544 3153; x_wconf 88' lang='lat' dir='ltr'>bat,</span> <span class='ocrx_word' id='word_1_231' title='bbox 577 3086 688 3140; x_wconf 85' lang='lat' dir='ltr'>nisi</span> <span class='ocrx_word' id='word_1_232' title='bbox 711 3091 776 3139; x_wconf 92' lang='lat' dir='ltr'>ut</span> <span class='ocrx_word' id='word_1_233' title='bbox 797 3083 1151 3152; x_wconf 80' lang='lat' dir='ltr'>intelligatur</span> <span class='ocrx_word' id='word_1_234' title='bbox 1168 3082 1305 3151; x_wconf 91' lang='lat' dir='ltr'>quia</span> <span class='ocrx_word' id='word_1_235' title='bbox 1323 3080 1593 3151; x_wconf 90' lang='lat' dir='ltr'>quamdiu</span> 
     </span>
     <span class='ocr_line' id='line_1_43' title="bbox 426 3152 1595 3226; baseline -0.003 -18"><span class='ocrx_word' id='word_1_236' title='bbox 426 3169 713 3226; x_wconf 79' lang='lat' dir='ltr'>synagoga</span> <span class='ocrx_word' id='word_1_237' title='bbox 732 3156 933 3223; x_wconf 85' lang='lat' dir='ltr'>viguit,</span> <span class='ocrx_word' id='word_1_238' title='bbox 954 3152 1233 3208; x_wconf 82' lang='lat' dir='ltr'>laboravit</span> <span class='ocrx_word' id='word_1_239' title='bbox 1255 3152 1503 3207; x_wconf 86' lang='lat' dir='ltr'>Ecclesia</span> <span class='ocrx_word' id='word_1_240' title='bbox 1520 3153 1548 3207; x_wconf 75' lang='lat' dir='ltr'>‘t</span> <span class='ocrx_word' id='word_1_241' title='bbox 1566 3170 1595 3205; x_wconf 91' lang='lat'>»</span> 
     </span>
     <span class='ocr_line' id='line_1_44' title="bbox 429 3226 1597 3294; baseline -0.002 -14"><span class='ocrx_word' id='word_1_242' title='bbox 429 3226 589 3280; x_wconf 85' lang='lat' dir='ltr'>Unde</span> <span class='ocrx_word' id='word_1_243' title='bbox 643 3231 700 3279; x_wconf 88' lang='lat' dir='ltr'>et</span> <span class='ocrx_word' id='word_1_244' title='bbox 735 3227 1102 3292; x_wconf 71' lang='lat' dir='ltr'>Hieronymus</span> <span class='ocrx_word' id='word_1_245' title='bbox 1153 3241 1173 3277; x_wconf 76' lang='grc' dir='ltr'><strong><em>ε</em></strong></span> <span class='ocrx_word' id='word_1_246' title='bbox 1218 3241 1249 3276; x_wconf 75' lang='grc' dir='ltr'>(ι</span> <span class='ocrx_word' id='word_1_247' title='bbox 1283 3226 1426 3279; x_wconf 89' lang='lat' dir='ltr'>Nota</span> <span class='ocrx_word' id='word_1_248' title='bbox 1457 3239 1597 3294; x_wconf 85' lang='lat' dir='ltr'>ergo</span> 
     </span>
     <span class='ocr_line' id='line_1_45' title="bbox 426 3293 1599 3364; baseline 0 -16"><span class='ocrx_word' id='word_1_249' title='bbox 426 3295 580 3364; x_wconf 85' lang='lat' dir='ltr'>quod</span> <span class='ocrx_word' id='word_1_250' title='bbox 608 3309 675 3349; x_wconf 88' lang='lat' dir='ltr'>eo</span> <span class='ocrx_word' id='word_1_251' title='bbox 700 3300 958 3363; x_wconf 84' lang='lat' dir='ltr'>tempore</span> <span class='ocrx_word' id='word_1_252' title='bbox 999 3293 1124 3349; x_wconf 81' lang='lat' dir='ltr'>haec</span> <span class='ocrx_word' id='word_1_253' title='bbox 1158 3294 1384 3364; x_wconf 89' lang='lat' dir='ltr'>mulier,</span> <span class='ocrx_word' id='word_1_254' title='bbox 1413 3293 1473 3349; x_wconf 93' lang='lat' dir='ltr'>id</span> <span class='ocrx_word' id='word_1_255' title='bbox 1514 3298 1599 3349; x_wconf 90' lang='lat' dir='ltr'>est</span> 
     </span>
     <span class='ocr_line' id='line_1_46' title="bbox 435 3364 1595 3435; baseline -0.001 -15"><span class='ocrx_word' id='word_1_256' title='bbox 435 3364 702 3420; x_wconf 88' lang='lat' dir='ltr'>Gentium</span> <span class='ocrx_word' id='word_1_257' title='bbox 729 3364 988 3433; x_wconf 87' lang='lat' dir='ltr'>populus,</span> <span class='ocrx_word' id='word_1_258' title='bbox 1019 3371 1266 3432; x_wconf 85' lang='lat' dir='ltr'>coeperat</span> <span class='ocrx_word' id='word_1_259' title='bbox 1295 3370 1595 3435; x_wconf 86' lang='lat' dir='ltr'>aegrotare,</span> 
     </span>
     <span class='ocr_line' id='line_1_47' title="bbox 426 3433 1601 3515; baseline 0 -26"><span class='ocrx_word' id='word_1_260' title='bbox 426 3449 546 3515; x_wconf 77' lang='lat' dir='ltr'>quo</span> <span class='ocrx_word' id='word_1_261' title='bbox 582 3450 761 3505; x_wconf 82' lang='lat' dir='ltr'>genus</span> <span class='ocrx_word' id='word_1_262' title='bbox 803 3434 1046 3489; x_wconf 88' lang='lat' dir='ltr'>credidit</span> <span class='ocrx_word' id='word_1_263' title='bbox 1080 3433 1444 3505; x_wconf 81' lang='lat' dir='ltr'>Judaeorum3</span> <span class='ocrx_word' id='word_1_264' title='bbox 1490 3435 1601 3490; x_wconf 89' lang='lat' dir='ltr'>nisi</span> 
     </span>
     <span class='ocr_line' id='line_1_48' title="bbox 427 3504 1599 3575; baseline 0.002 -15"><span class='ocrx_word' id='word_1_265' title='bbox 427 3520 583 3561; x_wconf 89' lang='lat' dir='ltr'>emm</span> <span class='ocrx_word' id='word_1_266' title='bbox 608 3521 673 3560; x_wconf 87' lang='lat' dir='ltr'>ex</span> <span class='ocrx_word' id='word_1_267' title='bbox 705 3506 1131 3575; x_wconf 82' lang='lat' dir='ltr'>comparatione</span> <span class='ocrx_word' id='word_1_268' title='bbox 1157 3504 1485 3575; x_wconf 89' lang='lat' dir='ltr'>criminum,</span> <span class='ocrx_word' id='word_1_269' title='bbox 1513 3508 1599 3562; x_wconf 81' lang='lat' dir='ltr'>vi-</span> 
     </span>
     <span class='ocr_line' id='line_1_49' title="bbox 431 3576 1604 3634; baseline 0.002 -2"><span class='ocrx_word' id='word_1_270' title='bbox 431 3576 579 3632; x_wconf 80' lang='lat' dir='ltr'>tium</span> <span class='ocrx_word' id='word_1_271' title='bbox 615 3591 732 3631; x_wconf 89' lang='lat' dir='ltr'>non</span> <span class='ocrx_word' id='word_1_272' title='bbox 777 3576 1113 3633; x_wconf 86' lang='lat' dir='ltr'>ostenditur.</span> <span class='ocrx_word' id='word_1_273' title='bbox 1142 3593 1177 3628; x_wconf 74' lang='lat' dir='ltr'>u</span> <span class='ocrx_word' id='word_1_274' title='bbox 1199 3605 1272 3619; x_wconf 92' lang='lat'>—</span> <span class='ocrx_word' id='word_1_275' title='bbox 1316 3579 1604 3634; x_wconf 69' lang='lat' dir='ltr'>moraliter</span> 
     </span>
     <span class='ocr_line' id='line_1_50' title="bbox 438 3646 1604 3729; baseline 0.003 -26"><span class='ocrx_word' id='word_1_276' title='bbox 438 3648 614 3729; x_wconf 75' lang='lat' dir='ltr'>etiam</span> <span class='ocrx_word' id='word_1_277' title='bbox 644 3663 749 3718; x_wconf 87' lang='lat' dir='ltr'>per</span> <span class='ocrx_word' id='word_1_278' title='bbox 763 3646 1063 3703; x_wconf 85' lang='lat' dir='ltr'>mulierem</span> <span class='ocrx_word' id='word_1_279' title='bbox 1076 3648 1369 3720; x_wconf 63' lang='lat' dir='ltr'>unguinis</span> <span class='ocrx_word' id='word_1_280' title='bbox 1393 3650 1604 3707; x_wconf 80' lang='lat' dir='ltr'>fluxum</span> 
     </span>
     <span class='ocr_line' id='line_1_51' title="bbox 439 3721 1603 3793; baseline 0.003 -20"><span class='ocrx_word' id='word_1_281' title='bbox 439 3721 770 3788; x_wconf 73' lang='lat' dir='ltr'>patientem,</span> <span class='ocrx_word' id='word_1_282' title='bbox 802 3732 1049 3789; x_wconf 72' lang='lat' dir='ltr'>persona</span> <span class='ocrx_word' id='word_1_283' title='bbox 1071 3721 1354 3788; x_wconf 83' lang='lat' dir='ltr'>peccatrix</span> <span class='ocrx_word' id='word_1_284' title='bbox 1375 3737 1411 3777; x_wconf 86' lang='lat' dir='ltr'>a</span> <span class='ocrx_word' id='word_1_285' title='bbox 1431 3721 1603 3793; x_wconf 85' lang='lat' dir='ltr'>longo</span> 
     </span>
    </p>
   </div>
   <div class='ocr_carea' id='block_1_8' title="bbox 437 3789 1633 3862">
    <p class='ocr_par' dir='ltr' id='par_1_9' title="bbox 437 3789 1633 3862">
     <span class='ocr_line' id='line_1_52' title="bbox 437 3789 1633 3862; baseline 0.003 -17"><span class='ocrx_word' id='word_1_286' title='bbox 437 3795 698 3860; x_wconf 81' lang='lat' dir='ltr'>tempore</span> <span class='ocrx_word' id='word_1_287' title='bbox 724 3797 783 3845; x_wconf 88' lang='lat' dir='ltr'>et</span> <span class='ocrx_word' id='word_1_288' title='bbox 831 3789 907 3845; x_wconf 84' lang='lat' dir='ltr'>de</span> <span class='ocrx_word' id='word_1_289' title='bbox 951 3797 1185 3859; x_wconf 85' lang='lat' dir='ltr'>peccato</span> <span class='ocrx_word' id='word_1_290' title='bbox 1212 3792 1272 3847; x_wconf 85' lang='lat' dir='ltr'>in</span> <span class='ocrx_word' id='word_1_291' title='bbox 1309 3799 1633 3862; x_wconf 65' lang='lat' dir='ltr'>peceatum⁸</span> 
     </span>
    </p>
   </div>
   <div class='ocr_carea' id='block_1_9' title="bbox 424 3861 1604 4357">
    <p class='ocr_par' dir='ltr' id='par_1_10' title="bbox 424 3861 1604 4357">
     <span class='ocr_line' id='line_1_53' title="bbox 436 3861 1604 3933; baseline 0.004 -18"><span class='ocrx_word' id='word_1_292' title='bbox 436 3863 671 3929; x_wconf 65' lang='lat' dir='ltr'>cadens,</span> <span class='ocrx_word' id='word_1_293' title='bbox 712 3865 900 3931; x_wconf 83' lang='lat' dir='ltr'>potest</span> <span class='ocrx_word' id='word_1_294' title='bbox 936 3861 1116 3917; x_wconf 85' lang='lat' dir='ltr'>intelli</span> <span class='ocrx_word' id='word_1_295' title='bbox 1163 3862 1374 3933; x_wconf 82' lang='lat' dir='ltr'>&#39;;quae</span> <span class='ocrx_word' id='word_1_296' title='bbox 1412 3869 1604 3920; x_wconf 82' lang='lat' dir='ltr'>tamen</span> 
     </span>
     <span class='ocr_line' id='line_1_54' title="bbox 436 3932 1604 4004; baseline 0.003 -17"><span class='ocrx_word' id='word_1_297' title='bbox 436 3932 757 3987; x_wconf 80' lang='lat' dir='ltr'>remedium</span> <span class='ocrx_word' id='word_1_298' title='bbox 800 3932 1010 4002; x_wconf 81' lang='lat' dir='ltr'>quaerit</span> <span class='ocrx_word' id='word_1_299' title='bbox 1037 3947 1077 3988; x_wconf 75' lang='lat' dir='ltr'>a</span> <span class='ocrx_word' id='word_1_300' title='bbox 1204 3936 1385 4004; x_wconf 89' lang='lat' dir='ltr'>mino,</span> <span class='ocrx_word' id='word_1_301' title='bbox 1409 3935 1604 3991; x_wconf 84' lang='lat' dir='ltr'>dicens</span> 
     </span>
     <span class='ocr_line' id='line_1_55' title="bbox 434 4002 1601 4075; baseline 0.004 -18"><span class='ocrx_word' id='word_1_302' title='bbox 434 4002 490 4057; x_wconf 85' lang='lat' dir='ltr'>ei</span> <span class='ocrx_word' id='word_1_303' title='bbox 521 4023 536 4058; x_wconf 72' lang='grc' dir='ltr'><strong><em>ε</em></strong></span> <span class='ocrx_word' id='word_1_304' title='bbox 567 4002 765 4058; x_wconf 79' lang='lat' dir='ltr'>Libere</span> <span class='ocrx_word' id='word_1_305' title='bbox 793 4018 877 4057; x_wconf 80' lang='lat' dir='ltr'>me</span> <span class='ocrx_word' id='word_1_306' title='bbox 903 4004 973 4059; x_wconf 77' lang='lat' dir='ltr'>de</span> <span class='ocrx_word' id='word_1_307' title='bbox 1014 4006 1398 4074; x_wconf 57' lang='lat' dir='ltr'>ammantibus,</span> <span class='ocrx_word' id='word_1_308' title='bbox 1436 4008 1601 4075; x_wconf 73' lang='lat' dir='ltr'>Deus,</span> 
     </span>
     <span class='ocr_line' id='line_1_56' title="bbox 434 4073 1600 4153; baseline 0.003 -26"><span class='ocrx_word' id='word_1_309' title='bbox 434 4073 582 4153; x_wconf 56' lang='lat' dir='ltr'>licus</span> <span class='ocrx_word' id='word_1_310' title='bbox 597 4075 801 4153; x_wconf 57' lang='lat' dir='ltr'>minutis</span> <span class='ocrx_word' id='word_1_311' title='bbox 820 4089 970 4131; x_wconf 62' lang='lat' dir='ltr'>ma.</span> <span class='ocrx_word' id='word_1_312' title='bbox 992 4075 1268 4132; x_wconf 78' lang='lat' dir='ltr'>Dominus</span> <span class='ocrx_word' id='word_1_313' title='bbox 1291 4091 1433 4147; x_wconf 84' lang='lat' dir='ltr'>ergo</span> <span class='ocrx_word' id='word_1_314' title='bbox 1458 4090 1600 4146; x_wconf 86' lang='lat' dir='ltr'>quo-</span> 
     </span>
     <span class='ocr_line' id='line_1_57' title="bbox 430 4144 1598 4217; baseline 0.004 -21"><span class='ocrx_word' id='word_1_315' title='bbox 430 4144 574 4198; x_wconf 72' lang='lat' dir='ltr'>tidie</span> <span class='ocrx_word' id='word_1_316' title='bbox 624 4144 925 4200; x_wconf 77' lang='lat' dir='ltr'>mulierem</span> <span class='ocrx_word' id='word_1_317' title='bbox 983 4147 1265 4217; x_wconf 70' lang='lat' dir='ltr'>sanguine</span> <span class='ocrx_word' id='word_1_318' title='bbox 1326 4147 1598 4203; x_wconf 77' lang='lat' dir='ltr'>fluentem</span> 
     </span>
     <span class='ocr_line' id='line_1_58' title="bbox 424 4215 1597 4284; baseline 0.005 -17"><span class='ocrx_word' id='word_1_319' title='bbox 424 4217 606 4284; x_wconf 71' lang='lat' dir='ltr'>sanat,</span> <span class='ocrx_word' id='word_1_320' title='bbox 663 4215 802 4270; x_wconf 79' lang='lat' dir='ltr'>dum</span> <span class='ocrx_word' id='word_1_321' title='bbox 850 4215 1103 4271; x_wconf 78' lang='lat' dir='ltr'>animam</span> <span class='ocrx_word' id='word_1_322' title='bbox 1160 4216 1399 4274; x_wconf 80' lang='lat' dir='ltr'>diversis</span> <span class='ocrx_word' id='word_1_323' title='bbox 1445 4217 1597 4273; x_wconf 71' lang='lat' dir='ltr'>vitiis</span> 
     </span>
     <span class='ocr_line' id='line_1_59' title="bbox 428 4286 1361 4357; baseline 0.006 -20"><span class='ocrx_word' id='word_1_324' title='bbox 428 4289 758 4353; x_wconf 75' lang='lat' dir='ltr'>comptam</span> <span class='ocrx_word' id='word_1_325' title='bbox 777 4299 883 4355; x_wconf 80' lang='lat' dir='ltr'>per</span> <span class='ocrx_word' id='word_1_326' title='bbox 905 4286 1151 4357; x_wconf 66' lang='lat' dir='ltr'>gratiam</span> <span class='ocrx_word' id='word_1_327' title='bbox 1177 4292 1361 4343; x_wconf 78' lang='lat' dir='ltr'>curat.</span> 
     </span>
    </p>
   </div>
   <div class='ocr_carea' id='block_1_10' title="bbox 1696 730 2899 4359">
    <p class='ocr_par' dir='ltr' id='par_1_11' title="bbox 1696 730 2899 4359">
     <span class='ocr_line' id='line_1_60' title="bbox 1696 730 2887 803; baseline -0.003 -16"><span class='ocrx_word' id='word_1_328' title='bbox 1696 734 1813 803; x_wconf 85' lang='lat' dir='ltr'>jam</span> <span class='ocrx_word' id='word_1_329' title='bbox 1843 747 1967 787; x_wconf 89' lang='lat' dir='ltr'>esse</span> <span class='ocrx_word' id='word_1_330' title='bbox 1996 737 2300 797; x_wconf 90' lang='lat' dir='ltr'>mortuam,</span> <span class='ocrx_word' id='word_1_331' title='bbox 2333 731 2472 785; x_wconf 87' lang='lat' dir='ltr'>dixit</span> <span class='ocrx_word' id='word_1_332' title='bbox 2498 732 2658 786; x_wconf 88' lang='lat' dir='ltr'>Jesus</span> <span class='ocrx_word' id='word_1_333' title='bbox 2684 730 2887 786; x_wconf 87' lang='lat' dir='ltr'>Archi-</span> 
     </span>
     <span class='ocr_line' id='line_1_61' title="bbox 1701 801 2880 874; baseline -0.001 -17"><span class='ocrx_word' id='word_1_334' title='bbox 1701 818 2011 874; x_wconf 81' lang='lat' dir='ltr'>synagog0‚</span> <span class='ocrx_word' id='word_1_335' title='bbox 2033 818 2161 857; x_wconf 90' lang='lat' dir='ltr'>eum</span> <span class='ocrx_word' id='word_1_336' title='bbox 2181 802 2254 857; x_wconf 90' lang='lat' dir='ltr'>ad</span> <span class='ocrx_word' id='word_1_337' title='bbox 2278 802 2447 857; x_wconf 85' lang='lat' dir='ltr'>iidem</span> <span class='ocrx_word' id='word_1_338' title='bbox 2468 801 2880 856; x_wconf 76' lang='lat' dir='ltr'>confortando:</span> 
     </span>
     <span class='ocr_line' id='line_1_62' title="bbox 1698 871 2889 942; baseline -0.003 -11"><span class='ocrx_word' id='word_1_339' title='bbox 1698 875 1830 933; x_wconf 85' lang='lat' dir='ltr'>Noli</span> <span class='ocrx_word' id='word_1_340' title='bbox 1864 877 2069 942; x_wconf 81' lang='lat' dir='ltr'>timere,</span> <span class='ocrx_word' id='word_1_341' title='bbox 2103 874 2158 927; x_wconf 91' lang='lat' dir='ltr'>in</span> <span class='ocrx_word' id='word_1_342' title='bbox 2200 873 2311 928; x_wconf 82' lang='lat' dir='ltr'>side</span> <span class='ocrx_word' id='word_1_343' title='bbox 2358 873 2692 936; x_wconf 90' lang='lat' dir='ltr'>dubitando,</span> <span class='ocrx_word' id='word_1_344' title='bbox 2725 871 2889 927; x_wconf 84' lang='lat' dir='ltr'>crede</span> 
     </span>
     <span class='ocr_line' id='line_1_63' title="bbox 1701 946 2886 1012; baseline -0.003 -11"><span class='ocrx_word' id='word_1_345' title='bbox 1701 950 1935 1012; x_wconf 81' lang='lat' dir='ltr'>tantum,</span> <span class='ocrx_word' id='word_1_346' title='bbox 1968 950 2020 1000; x_wconf 86' lang='lat' dir='ltr'>et</span> <span class='ocrx_word' id='word_1_347' title='bbox 2048 946 2205 999; x_wconf 74' lang='lat' dir='ltr'>salva</span> <span class='ocrx_word' id='word_1_348' title='bbox 2235 947 2341 998; x_wconf 81' lang='lat' dir='ltr'>erit</span> <span class='ocrx_word' id='word_1_349' title='bbox 2365 960 2399 998; x_wconf 90' lang='lat' dir='ltr'>a</span> <span class='ocrx_word' id='word_1_350' title='bbox 2429 950 2632 998; x_wconf 85' lang='lat' dir='ltr'>morte.</span> <span class='ocrx_word' id='word_1_351' title='bbox 2658 946 2732 998; x_wconf 82' lang='lat' dir='ltr'>Et</span> <span class='ocrx_word' id='word_1_352' title='bbox 2761 958 2886 998; x_wconf 85' lang='lat' dir='ltr'>cum</span> 
     </span>
     <span class='ocr_line' id='line_1_64' title="bbox 1701 1015 2885 1084; baseline -0.004 -12"><span class='ocrx_word' id='word_1_353' title='bbox 1701 1020 1937 1072; x_wconf 77' lang='lat' dir='ltr'>venisset</span> <span class='ocrx_word' id='word_1_354' title='bbox 1992 1019 2149 1071; x_wconf 80' lang='lat' dir='ltr'>Jesus</span> <span class='ocrx_word' id='word_1_355' title='bbox 2196 1018 2258 1070; x_wconf 83' lang='lat' dir='ltr'>in</span> <span class='ocrx_word' id='word_1_356' title='bbox 2312 1015 2531 1070; x_wconf 86' lang='lat' dir='ltr'>domum</span> <span class='ocrx_word' id='word_1_357' title='bbox 2582 1015 2885 1084; x_wconf 77' lang='lat' dir='ltr'>principis,</span> 
     </span>
     <span class='ocr_line' id='line_1_65' title="bbox 1704 1085 2883 1156; baseline -0.003 -12"><span class='ocrx_word' id='word_1_358' title='bbox 1704 1087 1920 1144; x_wconf 84' lang='lat' dir='ltr'>invenit</span> <span class='ocrx_word' id='word_1_359' title='bbox 1959 1087 2136 1142; x_wconf 87' lang='lat' dir='ltr'>filiam</span> <span class='ocrx_word' id='word_1_360' title='bbox 2193 1087 2313 1156; x_wconf 89' lang='lat' dir='ltr'>ejus</span> <span class='ocrx_word' id='word_1_361' title='bbox 2359 1087 2479 1156; x_wconf 91' lang='lat' dir='ltr'>jam</span> <span class='ocrx_word' id='word_1_362' title='bbox 2536 1085 2883 1152; x_wconf 81' lang='lat' dir='ltr'>defunctam,</span> 
     </span>
     <span class='ocr_line' id='line_1_66' title="bbox 1705 1154 2887 1229; baseline -0.006 -13"><span class='ocrx_word' id='word_1_363' title='bbox 1705 1165 1762 1216; x_wconf 91' lang='lat' dir='ltr'>et</span> <span class='ocrx_word' id='word_1_364' title='bbox 1803 1159 2066 1229; x_wconf 84' lang='lat' dir='ltr'>tibicines</span> <span class='ocrx_word' id='word_1_365' title='bbox 2111 1157 2489 1212; x_wconf 84' lang='lat' dir='ltr'>conductitios</span> <span class='ocrx_word' id='word_1_366' title='bbox 2536 1171 2767 1210; x_wconf 86' lang='lat' dir='ltr'>carmen</span> <span class='ocrx_word' id='word_1_367' title='bbox 2803 1154 2887 1209; x_wconf 93' lang='lat' dir='ltr'>lu-</span> 
     </span>
     <span class='ocr_line' id='line_1_67' title="bbox 1704 1225 2887 1303; baseline -0.004 -18"><span class='ocrx_word' id='word_1_368' title='bbox 1704 1231 1884 1303; x_wconf 88' lang='lat' dir='ltr'>gubre</span> <span class='ocrx_word' id='word_1_369' title='bbox 1910 1233 2196 1285; x_wconf 82' lang='lat' dir='ltr'>canentes.</span> <span class='ocrx_word' id='word_1_370' title='bbox 2241 1228 2487 1284; x_wconf 83' lang='lat' dir='ltr'>Diversae</span> <span class='ocrx_word' id='word_1_371' title='bbox 2522 1229 2673 1282; x_wconf 81' lang='lat' dir='ltr'>enim</span> <span class='ocrx_word' id='word_1_372' title='bbox 2701 1225 2887 1281; x_wconf 89' lang='lat' dir='ltr'>melo-</span> 
     </span>
     <span class='ocr_line' id='line_1_68' title="bbox 1705 1294 2893 1369; baseline -0.005 -12"><span class='ocrx_word' id='word_1_373' title='bbox 1705 1302 1813 1358; x_wconf 86' lang='lat' dir='ltr'>diae</span> <span class='ocrx_word' id='word_1_374' title='bbox 1882 1299 2130 1355; x_wconf 87' lang='lat' dir='ltr'>diversas</span> <span class='ocrx_word' id='word_1_375' title='bbox 2178 1300 2465 1369; x_wconf 89' lang='lat' dir='ltr'>passiones</span> <span class='ocrx_word' id='word_1_376' title='bbox 2521 1299 2796 1363; x_wconf 82' lang='lat' dir='ltr'>excitant,</span> <span class='ocrx_word' id='word_1_377' title='bbox 2829 1294 2893 1351; x_wconf 91' lang='lat' dir='ltr'>in</span> 
     </span>
     <span class='ocr_line' id='line_1_69' title="bbox 1703 1367 2889 1441; baseline -0.007 -12"><span class='ocrx_word' id='word_1_378' title='bbox 1703 1373 1935 1429; x_wconf 90' lang='lat' dir='ltr'>homine</span> <span class='ocrx_word' id='word_1_379' title='bbox 1961 1393 1976 1428; x_wconf 71' lang='grc' dir='ltr'><strong>ε</strong></span> <span class='ocrx_word' id='word_1_380' title='bbox 2006 1371 2210 1441; x_wconf 87' lang='lat' dir='ltr'>aliquae</span> <span class='ocrx_word' id='word_1_381' title='bbox 2246 1370 2397 1425; x_wconf 89' lang='lat' dir='ltr'>enim</span> <span class='ocrx_word' id='word_1_382' title='bbox 2434 1369 2682 1425; x_wconf 88' lang='lat' dir='ltr'>excitant</span> <span class='ocrx_word' id='word_1_383' title='bbox 2705 1367 2889 1422; x_wconf 88' lang='lat' dir='ltr'>auda-</span> 
     </span>
     <span class='ocr_line' id='line_1_70' title="bbox 1703 1438 2888 1512; baseline -0.006 -12"><span class='ocrx_word' id='word_1_384' title='bbox 1703 1446 1869 1512; x_wconf 89' lang='lat' dir='ltr'>ciam,</span> <span class='ocrx_word' id='word_1_385' title='bbox 1896 1449 1955 1497; x_wconf 91' lang='lat' dir='ltr'>ut</span> <span class='ocrx_word' id='word_1_386' title='bbox 1976 1449 2130 1511; x_wconf 90' lang='lat' dir='ltr'>patet</span> <span class='ocrx_word' id='word_1_387' title='bbox 2155 1441 2212 1497; x_wconf 92' lang='lat' dir='ltr'>in</span> <span class='ocrx_word' id='word_1_388' title='bbox 2235 1442 2384 1496; x_wconf 89' lang='lat' dir='ltr'>tubis</span> <span class='ocrx_word' id='word_1_389' title='bbox 2399 1440 2612 1496; x_wconf 78' lang='lat' dir='ltr'>bellicis</span> <span class='ocrx_word' id='word_1_390' title='bbox 2635 1461 2647 1506; x_wconf 88' lang='lat'>;</span> <span class='ocrx_word' id='word_1_391' title='bbox 2678 1438 2888 1508; x_wconf 77' lang='lat' dir='ltr'>aliquae</span> 
     </span>
     <span class='ocr_line' id='line_1_71' title="bbox 1704 1511 2886 1583; baseline -0.006 -12"><span class='ocrx_word' id='word_1_392' title='bbox 1704 1516 2086 1581; x_wconf 64' lang='lat' dir='ltr'>devotionem,</span> <span class='ocrx_word' id='word_1_393' title='bbox 2114 1518 2178 1568; x_wconf 91' lang='lat' dir='ltr'>ut</span> <span class='ocrx_word' id='word_1_394' title='bbox 2208 1518 2361 1583; x_wconf 87' lang='lat' dir='ltr'>patet</span> <span class='ocrx_word' id='word_1_395' title='bbox 2406 1511 2465 1567; x_wconf 93' lang='lat' dir='ltr'>in</span> <span class='ocrx_word' id='word_1_396' title='bbox 2497 1511 2733 1566; x_wconf 87' lang='lat' dir='ltr'>canticis</span> <span class='ocrx_word' id='word_1_397' title='bbox 2781 1511 2886 1565; x_wconf 91' lang='lat' dir='ltr'>Ec-</span> 
     </span>
     <span class='ocr_line' id='line_1_72' title="bbox 1707 1584 2890 1654; baseline -0.006 -12"><span class='ocrx_word' id='word_1_398' title='bbox 1707 1585 2064 1653; x_wconf 87' lang='lat' dir='ltr'>clesiasticis;</span> <span class='ocrx_word' id='word_1_399' title='bbox 2091 1585 2296 1654; x_wconf 87' lang='lat' dir='ltr'>aliquae</span> <span class='ocrx_word' id='word_1_400' title='bbox 2326 1584 2608 1647; x_wconf 85' lang='lat' dir='ltr'>laetitiam,</span> <span class='ocrx_word' id='word_1_401' title='bbox 2636 1587 2701 1636; x_wconf 91' lang='lat' dir='ltr'>ut</span> <span class='ocrx_word' id='word_1_402' title='bbox 2734 1584 2890 1651; x_wconf 88' lang='lat' dir='ltr'>patet</span> 
     </span>
     <span class='ocr_line' id='line_1_73' title="bbox 1701 1651 2889 1721; baseline -0.008 -6"><span class='ocrx_word' id='word_1_403' title='bbox 1701 1661 1758 1715; x_wconf 88' lang='lat' dir='ltr'>in</span> <span class='ocrx_word' id='word_1_404' title='bbox 1799 1657 2031 1712; x_wconf 87' lang='lat' dir='ltr'>diversis</span> <span class='ocrx_word' id='word_1_405' title='bbox 2066 1653 2452 1711; x_wconf 85' lang='lat' dir='ltr'>instrumentis</span> <span class='ocrx_word' id='word_1_406' title='bbox 2477 1653 2703 1708; x_wconf 90' lang='lat' dir='ltr'>musicis</span> <span class='ocrx_word' id='word_1_407' title='bbox 2722 1658 2748 1721; x_wconf 70' lang='grc' dir='ltr'><strong><em>ξ</em></strong></span> <span class='ocrx_word' id='word_1_408' title='bbox 2781 1651 2889 1706; x_wconf 90' lang='lat' dir='ltr'>ali-</span> 
     </span>
     <span class='ocr_line' id='line_1_74' title="bbox 1703 1721 2890 1800; baseline -0.008 -15"><span class='ocrx_word' id='word_1_409' title='bbox 1703 1744 1831 1800; x_wconf 85' lang='lat' dir='ltr'>quae</span> <span class='ocrx_word' id='word_1_410' title='bbox 1883 1729 2130 1783; x_wconf 85' lang='lat' dir='ltr'>excitant</span> <span class='ocrx_word' id='word_1_411' title='bbox 2155 1728 2356 1781; x_wconf 32' lang='lat' dir='ltr'>fletum*</span> <span class='ocrx_word' id='word_1_412' title='bbox 2391 1731 2449 1779; x_wconf 89' lang='lat' dir='ltr'>et</span> <span class='ocrx_word' id='word_1_413' title='bbox 2496 1725 2759 1780; x_wconf 87' lang='lat' dir='ltr'>devotam</span> <span class='ocrx_word' id='word_1_414' title='bbox 2804 1721 2890 1777; x_wconf 88' lang='lat' dir='ltr'>la-</span> 
     </span>
     <span class='ocr_line' id='line_1_75' title="bbox 1702 1794 2892 1865; baseline -0.008 -9"><span class='ocrx_word' id='word_1_415' title='bbox 1702 1801 2137 1865; x_wconf 88' lang='lat' dir='ltr'>mentationem,</span> <span class='ocrx_word' id='word_1_416' title='bbox 2206 1803 2263 1852; x_wconf 92' lang='lat' dir='ltr'>et</span> <span class='ocrx_word' id='word_1_417' title='bbox 2320 1797 2525 1851; x_wconf 90' lang='lat' dir='ltr'>talibus</span> <span class='ocrx_word' id='word_1_418' title='bbox 2583 1794 2892 1849; x_wconf 88' lang='lat' dir='ltr'>utebantur</span> 
     </span>
     <span class='ocr_line' id='line_1_76' title="bbox 1703 1869 2891 1940; baseline -0.007 -14"><span class='ocrx_word' id='word_1_419' title='bbox 1703 1870 2022 1940; x_wconf 88' lang='lat' dir='ltr'>antiquitus</span> <span class='ocrx_word' id='word_1_420' title='bbox 2073 1870 2133 1925; x_wconf 89' lang='lat' dir='ltr'>in</span> <span class='ocrx_word' id='word_1_421' title='bbox 2202 1869 2477 1938; x_wconf 84' lang='lat' dir='ltr'>exsequiis</span> <span class='ocrx_word' id='word_1_422' title='bbox 2551 1879 2891 1937; x_wconf 86' lang='lat' dir='ltr'>magnarum</span> 
     </span>
     <span class='ocr_line' id='line_1_77' title="bbox 1703 1933 2891 2013; baseline -0.008 -15"><span class='ocrx_word' id='word_1_423' title='bbox 1703 1956 2095 2013; x_wconf 90' lang='lat' dir='ltr'>personarum,</span> <span class='ocrx_word' id='word_1_424' title='bbox 2148 1946 2208 1995; x_wconf 89' lang='lat' dir='ltr'>ut</span> <span class='ocrx_word' id='word_1_425' title='bbox 2264 1944 2667 2008; x_wconf 84' lang='lat' dir='ltr'>provocaretur</span> <span class='ocrx_word' id='word_1_426' title='bbox 2697 1933 2891 1991; x_wconf 90' lang='lat' dir='ltr'>multi-</span> 
     </span>
     <span class='ocr_line' id='line_1_78' title="bbox 1704 2007 2891 2068; baseline -0.007 0"><span class='ocrx_word' id='word_1_427' title='bbox 1704 2014 1840 2068; x_wconf 89' lang='lat' dir='ltr'>tudo</span> <span class='ocrx_word' id='word_1_428' title='bbox 1871 2013 1945 2068; x_wconf 89' lang='lat' dir='ltr'>ad</span> <span class='ocrx_word' id='word_1_429' title='bbox 1970 2013 2166 2067; x_wconf 84' lang='lat' dir='ltr'>fletum</span> <span class='ocrx_word' id='word_1_430' title='bbox 2205 2018 2263 2066; x_wconf 92' lang='lat' dir='ltr'>et</span> <span class='ocrx_word' id='word_1_431' title='bbox 2292 2010 2525 2065; x_wconf 75' lang='lat' dir='ltr'>luctum:</span> <span class='ocrx_word' id='word_1_432' title='bbox 2560 2007 2891 2064; x_wconf 85' lang='lat' dir='ltr'>Christianis</span> 
     </span>
     <span class='ocr_line' id='line_1_79' title="bbox 1701 2077 2893 2148; baseline -0.008 -8"><span class='ocrx_word' id='word_1_433' title='bbox 1701 2092 1895 2140; x_wconf 88' lang='lat' dir='ltr'>tamen</span> <span class='ocrx_word' id='word_1_434' title='bbox 1917 2098 2034 2139; x_wconf 88' lang='lat' dir='ltr'>non</span> <span class='ocrx_word' id='word_1_435' title='bbox 2052 2082 2318 2138; x_wconf 85' lang='lat' dir='ltr'>convenit</span> <span class='ocrx_word' id='word_1_436' title='bbox 2336 2081 2478 2135; x_wconf 88' lang='lat' dir='ltr'>tales</span> <span class='ocrx_word' id='word_1_437' title='bbox 2494 2081 2730 2148; x_wconf 86' lang='lat' dir='ltr'>habere,</span> <span class='ocrx_word' id='word_1_438' title='bbox 2759 2077 2893 2148; x_wconf 90' lang='lat' dir='ltr'>quia</span> 
     </span>
     <span class='ocr_line' id='line_1_80' title="bbox 1698 2151 2889 2213; baseline -0.008 -1"><span class='ocrx_word' id='word_1_439' title='bbox 1698 2172 1821 2213; x_wconf 90' lang='lat' dir='ltr'>non</span> <span class='ocrx_word' id='word_1_440' title='bbox 1853 2156 2068 2212; x_wconf 89' lang='lat' dir='ltr'>debent</span> <span class='ocrx_word' id='word_1_441' title='bbox 2093 2151 2574 2208; x_wconf 84' lang='lat' dir='ltr'>inconsolabiliter</span> <span class='ocrx_word' id='word_1_442' title='bbox 2625 2151 2788 2204; x_wconf 80' lang='lat' dir='ltr'>flere.</span> <span class='ocrx_word' id='word_1_443' title='bbox 2817 2151 2889 2204; x_wconf 80' lang='lat' dir='ltr'>Et</span> 
     </span>
     <span class='ocr_line' id='line_1_81' title="bbox 1697 2223 2886 2286; baseline -0.009 -1"><span class='ocrx_word' id='word_1_444' title='bbox 1697 2232 1908 2285; x_wconf 80' lang='lat' dir='ltr'>invenit</span> <span class='ocrx_word' id='word_1_445' title='bbox 1954 2226 2126 2283; x_wconf 90' lang='lat' dir='ltr'>etiam</span> <span class='ocrx_word' id='word_1_446' title='bbox 2170 2225 2389 2280; x_wconf 82' lang='lat' dir='ltr'>turbam</span> <span class='ocrx_word' id='word_1_447' title='bbox 2440 2223 2886 2286; x_wconf 79' lang='lat' dir='ltr'>tumultuantem,</span> 
     </span>
     <span class='ocr_line' id='line_1_82' title="bbox 1706 2292 2886 2367; baseline -0.008 -12"><span class='ocrx_word' id='word_1_448' title='bbox 1706 2302 1765 2355; x_wconf 91' lang='lat' dir='ltr'>in</span> <span class='ocrx_word' id='word_1_449' title='bbox 1821 2301 1982 2367; x_wconf 86' lang='lat' dir='ltr'>fletu,</span> <span class='ocrx_word' id='word_1_450' title='bbox 2033 2298 2260 2367; x_wconf 86' lang='lat' dir='ltr'>planctu</span> <span class='ocrx_word' id='word_1_451' title='bbox 2309 2302 2366 2350; x_wconf 90' lang='lat' dir='ltr'>et</span> <span class='ocrx_word' id='word_1_452' title='bbox 2417 2295 2642 2350; x_wconf 88' lang='lat' dir='ltr'>ulutatu</span> <span class='ocrx_word' id='word_1_453' title='bbox 2685 2292 2886 2360; x_wconf 89' lang='lat' dir='ltr'>multo,</span> 
     </span>
     <span class='ocr_line' id='line_1_83' title="bbox 1705 2362 2889 2442; baseline -0.009 -15"><span class='ocrx_word' id='word_1_454' title='bbox 1705 2372 1857 2442; x_wconf 92' lang='lat' dir='ltr'>quod</span> <span class='ocrx_word' id='word_1_455' title='bbox 1915 2374 2147 2424; x_wconf 80' lang='lat' dir='ltr'>vocatur</span> <span class='ocrx_word' id='word_1_456' title='bbox 2208 2368 2522 2434; x_wconf 76' lang='lat' dir='ltr'>tumultus,·</span> <span class='ocrx_word' id='word_1_457' title='bbox 2557 2363 2694 2433; x_wconf 91' lang='lat' dir='ltr'>quia</span> <span class='ocrx_word' id='word_1_458' title='bbox 2755 2362 2889 2417; x_wconf 88' lang='lat' dir='ltr'>inde</span> 
     </span>
     <span class='ocr_line' id='line_1_84' title="bbox 1706 2431 2890 2505; baseline -0.008 -9"><span class='ocrx_word' id='word_1_459' title='bbox 1706 2446 1976 2498; x_wconf 83' lang='lat' dir='ltr'>causatur</span> <span class='ocrx_word' id='word_1_460' title='bbox 2002 2442 2173 2495; x_wconf 88' lang='lat' dir='ltr'>sonus</span> <span class='ocrx_word' id='word_1_461' title='bbox 2201 2437 2490 2505; x_wconf 88' lang='lat' dir='ltr'>confusus,</span> <span class='ocrx_word' id='word_1_462' title='bbox 2523 2452 2590 2490; x_wconf 92' lang='lat' dir='ltr'>ac</span> <span class='ocrx_word' id='word_1_463' title='bbox 2624 2435 2801 2490; x_wconf 90' lang='lat' dir='ltr'>etiam</span> <span class='ocrx_word' id='word_1_464' title='bbox 2829 2431 2890 2488; x_wconf 89' lang='lat' dir='ltr'>in</span> 
     </span>
     <span class='ocr_line' id='line_1_85' title="bbox 1705 2505 2887 2583; baseline -0.008 -13"><span class='ocrx_word' id='word_1_465' title='bbox 1705 2513 2123 2583; x_wconf 78' lang='lat' dir='ltr'>praeparatione</span> <span class='ocrx_word' id='word_1_466' title='bbox 2150 2510 2511 2565; x_wconf 81' lang='lat' dir='ltr'>funeralium.</span> <span class='ocrx_word' id='word_1_467' title='bbox 2542 2509 2612 2564; x_wconf 94' lang='lat' dir='ltr'>Et</span> <span class='ocrx_word' id='word_1_468' title='bbox 2636 2505 2887 2563; x_wconf 75' lang='lat' dir='ltr'>dicebat:</span> 
     </span>
     <span class='ocr_line' id='line_1_86' title="bbox 1708 2580 2890 2653; baseline -0.008 -11"><span class='ocrx_word' id='word_1_469' title='bbox 1708 2588 1898 2644; x_wconf 85' lang='lat' dir='ltr'>Nolite</span> <span class='ocrx_word' id='word_1_470' title='bbox 1942 2587 2092 2653; x_wconf 78' lang='lat' dir='ltr'>tzere,</span> <span class='ocrx_word' id='word_1_471' title='bbox 2136 2598 2245 2637; x_wconf 77' lang='lat' dir='ltr'>non</span> <span class='ocrx_word' id='word_1_472' title='bbox 2291 2586 2370 2636; x_wconf 83' lang='lat' dir='ltr'>est</span> <span class='ocrx_word' id='word_1_473' title='bbox 2406 2585 2628 2636; x_wconf 82' lang='lat' dir='ltr'>mortua</span> <span class='ocrx_word' id='word_1_474' title='bbox 2674 2580 2890 2650; x_wconf 80' lang='lat' dir='ltr'>puella,</span> 
     </span>
     <span class='ocr_line' id='line_1_87' title="bbox 1712 2651 2887 2719; baseline -0.005 -8"><span class='ocrx_word' id='word_1_475' title='bbox 1712 2656 1766 2710; x_wconf 91' lang='lat' dir='ltr'>id</span> <span class='ocrx_word' id='word_1_476' title='bbox 1799 2662 1884 2711; x_wconf 89' lang='lat' dir='ltr'>est</span> <span class='ocrx_word' id='word_1_477' title='bbox 1910 2654 1971 2710; x_wconf 90' lang='lat' dir='ltr'>in</span> <span class='ocrx_word' id='word_1_478' title='bbox 1997 2660 2180 2709; x_wconf 91' lang='lat' dir='ltr'>morte</span> <span class='ocrx_word' id='word_1_479' title='bbox 2208 2668 2499 2719; x_wconf 87' lang='lat' dir='ltr'>mansura,</span> <span class='ocrx_word' id='word_1_480' title='bbox 2525 2653 2623 2706; x_wconf 84' lang='lat' dir='ltr'>sed</span> <span class='ocrx_word' id='word_1_481' title='bbox 2661 2651 2887 2718; x_wconf 80' lang='lat' dir='ltr'>dormit,</span> 
     </span>
     <span class='ocr_line' id='line_1_88' title="bbox 1708 2721 2889 2795; baseline -0.005 -13"><span class='ocrx_word' id='word_1_482' title='bbox 1708 2725 1923 2782; x_wconf 87' lang='lat' dir='ltr'>scilicet</span> <span class='ocrx_word' id='word_1_483' title='bbox 1958 2724 2121 2794; x_wconf 86' lang='lat' dir='ltr'>mihi,</span> <span class='ocrx_word' id='word_1_484' title='bbox 2155 2722 2288 2795; x_wconf 90' lang='lat' dir='ltr'>quia</span> <span class='ocrx_word' id='word_1_485' title='bbox 2325 2725 2405 2779; x_wconf 87' lang='lat' dir='ltr'>ita</span> <span class='ocrx_word' id='word_1_486' title='bbox 2446 2723 2528 2777; x_wconf 89' lang='lat' dir='ltr'>de·</span> <span class='ocrx_word' id='word_1_487' title='bbox 2558 2721 2711 2778; x_wconf 82' lang='lat' dir='ltr'>facili</span> <span class='ocrx_word' id='word_1_488' title='bbox 2757 2734 2889 2792; x_wconf 80' lang='lat' dir='ltr'>pos-</span> 
     </span>
     <span class='ocr_line' id='line_1_89' title="bbox 1708 2796 2889 2865; baseline -0.007 -12"><span class='ocrx_word' id='word_1_489' title='bbox 1708 2813 1831 2853; x_wconf 92' lang='lat' dir='ltr'>sum</span> <span class='ocrx_word' id='word_1_490' title='bbox 1864 2812 1989 2852; x_wconf 89' lang='lat' dir='ltr'>eam</span> <span class='ocrx_word' id='word_1_491' title='bbox 2029 2796 2319 2865; x_wconf 87' lang='lat' dir='ltr'>suscitare,</span> <span class='ocrx_word' id='word_1_492' title='bbox 2362 2800 2425 2849; x_wconf 86' lang='lat' dir='ltr'>ut</span> <span class='ocrx_word' id='word_1_493' title='bbox 2458 2796 2526 2849; x_wconf 90' lang='lat' dir='ltr'>de</span> <span class='ocrx_word' id='word_1_494' title='bbox 2556 2808 2757 2849; x_wconf 91' lang='lat' dir='ltr'>somno</span> <span class='ocrx_word' id='word_1_495' title='bbox 2792 2807 2889 2847; x_wconf 83' lang='lat' dir='ltr'>ex-</span> 
     </span>
     <span class='ocr_line' id='line_1_90' title="bbox 1710 2865 2893 2924; baseline -0.006 0"><span class='ocrx_word' id='word_1_496' title='bbox 1710 2870 1905 2924; x_wconf 87' lang='lat' dir='ltr'>citare.</span> <span class='ocrx_word' id='word_1_497' title='bbox 1929 2868 2088 2923; x_wconf 89' lang='lat' dir='ltr'>Unde</span> <span class='ocrx_word' id='word_1_498' title='bbox 2108 2867 2258 2922; x_wconf 84' lang='lat' dir='ltr'>Beda</span> <span class='ocrx_word' id='word_1_499' title='bbox 2289 2885 2307 2922; x_wconf 75' lang='lat' dir='ltr'>e</span> <span class='ocrx_word' id='word_1_500' title='bbox 2337 2888 2366 2918; x_wconf 68' lang='lat' dir='ltr'>&lt;c</span> <span class='ocrx_word' id='word_1_501' title='bbox 2387 2865 2719 2921; x_wconf 87' lang='lat' dir='ltr'>Hominibus</span> <span class='ocrx_word' id='word_1_502' title='bbox 2737 2878 2893 2918; x_wconf 89' lang='lat' dir='ltr'>mor-</span> 
     </span>
     <span class='ocr_line' id='line_1_91' title="bbox 1708 2938 2887 3009; baseline -0.006 -14"><span class='ocrx_word' id='word_1_503' title='bbox 1708 2947 1808 2995; x_wconf 86' lang='lat' dir='ltr'>tua</span> <span class='ocrx_word' id='word_1_504' title='bbox 1832 2943 1978 3006; x_wconf 90' lang='lat' dir='ltr'>erat,</span> <span class='ocrx_word' id='word_1_505' title='bbox 2008 2939 2142 3009; x_wconf 83' lang='lat' dir='ltr'>quia</span> <span class='ocrx_word' id='word_1_506' title='bbox 2168 2939 2441 2993; x_wconf 88' lang='lat' dir='ltr'>suscitare</span> <span class='ocrx_word' id='word_1_507' title='bbox 2483 2938 2887 3008; x_wconf 70' lang='lat' dir='ltr'>nequiverant,</span> 
     </span>
     <span class='ocr_line' id='line_1_92' title="bbox 1712 3008 2891 3079; baseline -0.005 -13"><span class='ocrx_word' id='word_1_508' title='bbox 1712 3013 1832 3066; x_wconf 90' lang='lat' dir='ltr'>Deo</span> <span class='ocrx_word' id='word_1_509' title='bbox 1863 3010 2202 3078; x_wconf 88' lang='lat' dir='ltr'>dormiebat,</span> <span class='ocrx_word' id='word_1_510' title='bbox 2234 3008 2296 3064; x_wconf 90' lang='lat' dir='ltr'>in</span> <span class='ocrx_word' id='word_1_511' title='bbox 2334 3009 2494 3079; x_wconf 87' lang='lat' dir='ltr'>cujus</span> <span class='ocrx_word' id='word_1_512' title='bbox 2524 3008 2891 3078; x_wconf 85' lang='lat' dir='ltr'>dispositione</span> 
     </span>
     <span class='ocr_line' id='line_1_93' title="bbox 1715 3080 2895 3150; baseline -0.007 -12"><span class='ocrx_word' id='word_1_513' title='bbox 1715 3088 1774 3138; x_wconf 90' lang='lat' dir='ltr'>et</span> <span class='ocrx_word' id='word_1_514' title='bbox 1823 3080 2019 3138; x_wconf 86' lang='lat' dir='ltr'>anima</span> <span class='ocrx_word' id='word_1_515' title='bbox 2064 3086 2297 3150; x_wconf 87' lang='lat' dir='ltr'>recepta</span> <span class='ocrx_word' id='word_1_516' title='bbox 2353 3080 2581 3135; x_wconf 81' lang='lat' dir='ltr'>vivebat</span> <span class='ocrx_word' id='word_1_517' title='bbox 2646 3084 2706 3134; x_wconf 91' lang='lat' dir='ltr'>et</span> <span class='ocrx_word' id='word_1_518' title='bbox 2760 3091 2895 3133; x_wconf 87' lang='lat' dir='ltr'>caro</span> 
     </span>
     <span class='ocr_line' id='line_1_94' title="bbox 1713 3151 2895 3221; baseline -0.005 -12"><span class='ocrx_word' id='word_1_519' title='bbox 1713 3152 2101 3209; x_wconf 88' lang='lat' dir='ltr'>resuscitanda</span> <span class='ocrx_word' id='word_1_520' title='bbox 2159 3152 2510 3221; x_wconf 87' lang='lat' dir='ltr'>quiescebat.</span> <span class='ocrx_word' id='word_1_521' title='bbox 2562 3151 2724 3206; x_wconf 85' lang='lat' dir='ltr'>Unde</span> <span class='ocrx_word' id='word_1_522' title='bbox 2771 3163 2895 3204; x_wconf 90' lang='lat' dir='ltr'>mos</span> 
     </span>
     <span class='ocr_line' id='line_1_95' title="bbox 1711 3222 2896 3293; baseline -0.004 -15"><span class='ocrx_word' id='word_1_523' title='bbox 1711 3223 1863 3293; x_wconf 88' lang='lat' dir='ltr'>apud</span> <span class='ocrx_word' id='word_1_524' title='bbox 1897 3223 2242 3279; x_wconf 88' lang='lat' dir='ltr'>Christianos</span> <span class='ocrx_word' id='word_1_525' title='bbox 2265 3222 2532 3292; x_wconf 87' lang='lat' dir='ltr'>obtinuit,</span> <span class='ocrx_word' id='word_1_526' title='bbox 2564 3222 2716 3292; x_wconf 90' lang='lat' dir='ltr'>quod</span> <span class='ocrx_word' id='word_1_527' title='bbox 2742 3233 2896 3275; x_wconf 89' lang='lat' dir='ltr'>mor-</span> 
     </span>
     <span class='ocr_line' id='line_1_96' title="bbox 1709 3293 2893 3366; baseline -0.002 -17"><span class='ocrx_word' id='word_1_528' title='bbox 1709 3295 1792 3350; x_wconf 88' lang='lat' dir='ltr'>tui</span> <span class='ocrx_word' id='word_1_529' title='bbox 1817 3296 1915 3366; x_wconf 93' lang='lat' dir='ltr'>qui</span> <span class='ocrx_word' id='word_1_530' title='bbox 1941 3294 2314 3350; x_wconf 84' lang='lat' dir='ltr'>resurrecturi</span> <span class='ocrx_word' id='word_1_531' title='bbox 2340 3309 2458 3350; x_wconf 90' lang='lat' dir='ltr'>esse</span> <span class='ocrx_word' id='word_1_532' title='bbox 2484 3308 2599 3348; x_wconf 91' lang='lat' dir='ltr'>non</span> <span class='ocrx_word' id='word_1_533' title='bbox 2630 3293 2893 3347; x_wconf 86' lang='lat' dir='ltr'>dubitan-</span> 
     </span>
     <span class='ocr_line' id='line_1_97' title="bbox 1711 3364 2893 3433; baseline -0.002 -12"><span class='ocrx_word' id='word_1_534' title='bbox 1711 3372 1825 3433; x_wconf 88' lang='lat' dir='ltr'>tur,</span> <span class='ocrx_word' id='word_1_535' title='bbox 1868 3365 2218 3421; x_wconf 88' lang='lat' dir='ltr'>dormientes</span> <span class='ocrx_word' id='word_1_536' title='bbox 2247 3370 2542 3420; x_wconf 83' lang='lat' dir='ltr'>vocentur.</span> <span class='ocrx_word' id='word_1_537' title='bbox 2576 3383 2605 3418; x_wconf 90' lang='lat'>»</span> <span class='ocrx_word' id='word_1_538' title='bbox 2634 3368 2708 3421; x_wconf 82' lang='lat' dir='ltr'>Et</span> <span class='ocrx_word' id='word_1_539' title='bbox 2740 3364 2893 3419; x_wconf 76' lang='lat' dir='ltr'>deri-</span> 
     </span>
     <span class='ocr_line' id='line_1_98' title="bbox 1711 3433 2897 3505; baseline -0.003 -13"><span class='ocrx_word' id='word_1_540' title='bbox 1711 3438 1912 3492; x_wconf 82' lang='lat' dir='ltr'>debant</span> <span class='ocrx_word' id='word_1_541' title='bbox 1935 3452 2075 3504; x_wconf 81' lang='lat' dir='ltr'>eum,</span> <span class='ocrx_word' id='word_1_542' title='bbox 2147 3441 2370 3491; x_wconf 88' lang='lat' dir='ltr'>utantes</span> <span class='ocrx_word' id='word_1_543' title='bbox 2399 3436 2550 3505; x_wconf 90' lang='lat' dir='ltr'>quod</span> <span class='ocrx_word' id='word_1_544' title='bbox 2582 3436 2651 3491; x_wconf 92' lang='lat' dir='ltr'>de</span> <span class='ocrx_word' id='word_1_545' title='bbox 2685 3433 2897 3491; x_wconf 89' lang='lat' dir='ltr'>dormi-</span> 
     </span>
     <span class='ocr_line' id='line_1_99' title="bbox 1712 3508 2896 3576; baseline -0.001 -14"><span class='ocrx_word' id='word_1_546' title='bbox 1712 3509 1869 3564; x_wconf 88' lang='lat' dir='ltr'>tione</span> <span class='ocrx_word' id='word_1_547' title='bbox 1886 3508 2071 3564; x_wconf 89' lang='lat' dir='ltr'>somni</span> <span class='ocrx_word' id='word_1_548' title='bbox 2138 3508 2331 3576; x_wconf 87' lang='lat' dir='ltr'>&#39;ceret,</span> <span class='ocrx_word' id='word_1_549' title='bbox 2362 3512 2418 3561; x_wconf 91' lang='lat' dir='ltr'>et</span> <span class='ocrx_word' id='word_1_550' title='bbox 2442 3522 2570 3562; x_wconf 89' lang='lat' dir='ltr'>eam</span> <span class='ocrx_word' id='word_1_551' title='bbox 2589 3522 2715 3573; x_wconf 86' lang='lat' dir='ltr'>esse</span> <span class='ocrx_word' id='word_1_552' title='bbox 2735 3521 2896 3561; x_wconf 88' lang='lat' dir='ltr'>mor-</span> 
     </span>
     <span class='ocr_line' id='line_1_100' title="bbox 1711 3576 2897 3635; baseline -0.003 -1"><span class='ocrx_word' id='word_1_553' title='bbox 1711 3584 1867 3634; x_wconf 90' lang='lat' dir='ltr'>tuam</span> <span class='ocrx_word' id='word_1_554' title='bbox 1887 3579 2304 3635; x_wconf 85' lang='lat' dir='ltr'>nesciret.Ecce</span> <span class='ocrx_word' id='word_1_555' title='bbox 2320 3576 2613 3633; x_wconf 88' lang='lat' dir='ltr'>deridetur</span> <span class='ocrx_word' id='word_1_556' title='bbox 2633 3577 2897 3634; x_wconf 79' lang='lat' dir='ltr'>Christus</span> 
     </span>
     <span class='ocr_line' id='line_1_101' title="bbox 1715 3648 2895 3719; baseline -0.001 -14"><span class='ocrx_word' id='word_1_557' title='bbox 1715 3651 1777 3705; x_wconf 86' lang='lat' dir='ltr'>in</span> <span class='ocrx_word' id='word_1_558' title='bbox 1802 3649 1976 3705; x_wconf 87' lang='lat' dir='ltr'>curiis</span> <span class='ocrx_word' id='word_1_559' title='bbox 2016 3648 2359 3719; x_wconf 86' lang='lat' dir='ltr'>principum,</span> <span class='ocrx_word' id='word_1_560' title='bbox 2383 3665 2490 3704; x_wconf 90' lang='lat' dir='ltr'>nec</span> <span class='ocrx_word' id='word_1_561' title='bbox 2537 3648 2727 3719; x_wconf 83' lang='lat' dir='ltr'>arguit</span> <span class='ocrx_word' id='word_1_562' title='bbox 2772 3662 2895 3714; x_wconf 79' lang='lat' dir='ltr'>eos,</span> 
     </span>
     <span class='ocr_line' id='line_1_102' title="bbox 1714 3720 2897 3791; baseline -0.001 -15"><span class='ocrx_word' id='word_1_563' title='bbox 1714 3722 1852 3791; x_wconf 89' lang='lat' dir='ltr'>quia</span> <span class='ocrx_word' id='word_1_564' title='bbox 1880 3727 2095 3790; x_wconf 87' lang='lat' dir='ltr'>quanto</span> <span class='ocrx_word' id='word_1_565' title='bbox 2125 3721 2312 3791; x_wconf 81' lang='lat' dir='ltr'>major</span> <span class='ocrx_word' id='word_1_566' title='bbox 2340 3720 2450 3776; x_wconf 86' lang='lat' dir='ltr'>fuit</span> <span class='ocrx_word' id='word_1_567' title='bbox 2473 3721 2707 3787; x_wconf 85' lang='lat' dir='ltr'>derisio,</span> <span class='ocrx_word' id='word_1_568' title='bbox 2733 3723 2897 3775; x_wconf 82' lang='lat' dir='ltr'>tanto</span> 
     </span>
     <span class='ocr_line' id='line_1_103' title="bbox 1716 3790 2898 3862; baseline -0.001 -16"><span class='ocrx_word' id='word_1_569' title='bbox 1716 3796 1915 3861; x_wconf 84' lang='lat' dir='ltr'>postea</span> <span class='ocrx_word' id='word_1_570' title='bbox 1953 3792 2144 3862; x_wconf 86' lang='lat' dir='ltr'>major</span> <span class='ocrx_word' id='word_1_571' title='bbox 2161 3790 2385 3847; x_wconf 76' lang='lat' dir='ltr'>virtutis</span> <span class='ocrx_word' id='word_1_572' title='bbox 2432 3791 2761 3847; x_wconf 82' lang='lat' dir='ltr'>ostentatio.</span> <span class='ocrx_word' id='word_1_573' title='bbox 2789 3790 2898 3847; x_wconf 78' lang='lat' dir='ltr'>Ubi</span> 
     </span>
     <span class='ocr_line' id='line_1_104' title="bbox 1713 3861 2896 3932; baseline -0.002 -13"><span class='ocrx_word' id='word_1_574' title='bbox 1713 3865 2126 3932; x_wconf 69' lang='lat' dir='ltr'>Hioeonymuse</span> <span class='ocrx_word' id='word_1_575' title='bbox 2157 3882 2183 3914; x_wconf 71' lang='lat' dir='ltr'>c</span> <span class='ocrx_word' id='word_1_576' title='bbox 2222 3864 2349 3918; x_wconf 85' lang='lat' dir='ltr'>Non</span> <span class='ocrx_word' id='word_1_577' title='bbox 2373 3869 2564 3917; x_wconf 86' lang='lat' dir='ltr'>autem</span> <span class='ocrx_word' id='word_1_578' title='bbox 2602 3866 2772 3917; x_wconf 85' lang='lat' dir='ltr'>erant</span> <span class='ocrx_word' id='word_1_579' title='bbox 2804 3861 2896 3917; x_wconf 78' lang='lat' dir='ltr'>di-</span> 
     </span>
     <span class='ocr_line' id='line_1_105' title="bbox 1719 3933 2896 4005; baseline 0.001 -17"><span class='ocrx_word' id='word_1_580' title='bbox 1719 3933 1841 4005; x_wconf 78' lang='lat' dir='ltr'>gni,</span> <span class='ocrx_word' id='word_1_581' title='bbox 1882 3941 1944 3989; x_wconf 92' lang='lat' dir='ltr'>ut</span> <span class='ocrx_word' id='word_1_582' title='bbox 1971 3933 2252 3989; x_wconf 73' lang='lat' dir='ltr'>&#39;viderent</span> <span class='ocrx_word' id='word_1_583' title='bbox 2314 3934 2650 4005; x_wconf 77' lang='lat' dir='ltr'>mysterium</span> <span class='ocrx_word' id='word_1_584' title='bbox 2698 3946 2896 3989; x_wconf 65' lang='lat' dir='ltr'>rau·-</span> 
     </span>
     <span class='ocr_line' id='line_1_106' title="bbox 1712 4002 2898 4076; baseline 0.001 -18"><span class='ocrx_word' id='word_1_585' title='bbox 1712 4002 2018 4076; x_wconf 76' lang='lat' dir='ltr'>geutis,qui</span> <span class='ocrx_word' id='word_1_586' title='bbox 2042 4004 2473 4060; x_wconf 69' lang='lat' dir='ltr'>resuscitantem</span> <span class='ocrx_word' id='word_1_587' title='bbox 2486 4002 2741 4072; x_wconf 72' lang='lat' dir='ltr'>indignis</span> <span class='ocrx_word' id='word_1_588' title='bbox 2763 4018 2898 4059; x_wconf 81' lang='lat' dir='ltr'>cou-</span> 
     </span>
     <span class='ocr_line' id='line_1_107' title="bbox 1714 4073 2896 4144; baseline 0.001 -14"><span class='ocrx_word' id='word_1_589' title='bbox 1714 4074 1963 4144; x_wconf 64' lang='lat' dir='ltr'>tumeliis</span> <span class='ocrx_word' id='word_1_590' title='bbox 1982 4073 2315 4132; x_wconf 83' lang='lat' dir='ltr'>irridebant.</span> <span class='ocrx_word' id='word_1_591' title='bbox 2350 4094 2382 4128; x_wconf 64' lang='lat' dir='ltr'>n</span> <span class='ocrx_word' id='word_1_592' title='bbox 2412 4073 2681 4141; x_wconf 77' lang='lat' dir='ltr'>Quamvis</span> <span class='ocrx_word' id='word_1_593' title='bbox 2698 4079 2896 4131; x_wconf 77' lang='lat' dir='ltr'>autem</span> 
     </span>
     <span class='ocr_line' id='line_1_108' title="bbox 1719 4144 2897 4213; baseline 0.001 -12"><span class='ocrx_word' id='word_1_594' title='bbox 1719 4146 1997 4201; x_wconf 78' lang='lat' dir='ltr'>Dominus</span> <span class='ocrx_word' id='word_1_595' title='bbox 2020 4144 2488 4203; x_wconf 75' lang='lat' dir='ltr'>deridebatur-ab</span> <span class='ocrx_word' id='word_1_596' title='bbox 2524 4146 2626 4213; x_wconf 85' lang='lat' dir='ltr'>eis,</span> <span class='ocrx_word' id='word_1_597' title='bbox 2658 4161 2775 4202; x_wconf 83' lang='lat' dir='ltr'>non</span> <span class='ocrx_word' id='word_1_598' title='bbox 2799 4150 2897 4202; x_wconf 75' lang='lat' dir='ltr'>ta-</span> 
     </span>
     <span class='ocr_line' id='line_1_109' title="bbox 1724 4216 2899 4293; baseline 0.001 -21"><span class='ocrx_word' id='word_1_599' title='bbox 1724 4231 1872 4293; x_wconf 84' lang='lat' dir='ltr'>men</span> <span class='ocrx_word' id='word_1_600' title='bbox 1894 4216 2110 4272; x_wconf 80' lang='lat' dir='ltr'>destitit</span> <span class='ocrx_word' id='word_1_601' title='bbox 2135 4217 2212 4273; x_wconf 84' lang='lat' dir='ltr'>ab</span> <span class='ocrx_word' id='word_1_602' title='bbox 2255 4216 2524 4287; x_wconf 84' lang='lat' dir='ltr'>incoepto.</span> <span class='ocrx_word' id='word_1_603' title='bbox 2564 4218 2627 4271; x_wconf 87' lang='lat' dir='ltr'>ln</span> <span class='ocrx_word' id='word_1_604' title='bbox 2671 4232 2790 4287; x_wconf 80' lang='lat' dir='ltr'>quo</span> <span class='ocrx_word' id='word_1_605' title='bbox 2812 4216 2899 4273; x_wconf 83' lang='lat' dir='ltr'>in-</span> 
     </span>
     <span class='ocr_line' id='line_1_110' title="bbox 1716 4286 2897 4359; baseline 0.003 -17"><span class='ocrx_word' id='word_1_606' title='bbox 1716 4292 2019 4344; x_wconf 71' lang='lat' dir='ltr'>struuntur</span> <span class='ocrx_word' id='word_1_607' title='bbox 2037 4286 2198 4359; x_wconf 80' lang='lat' dir='ltr'>boni,</span> <span class='ocrx_word' id='word_1_608' title='bbox 2225 4287 2379 4357; x_wconf 87' lang='lat' dir='ltr'>quod</span> <span class='ocrx_word' id='word_1_609' title='bbox 2398 4301 2531 4343; x_wconf 78' lang='lat' dir='ltr'>eum</span> <span class='ocrx_word' id='word_1_610' title='bbox 2558 4286 2897 4345; x_wconf 83' lang='lat' dir='ltr'>deridentur</span> 
     </span>
    </p>
   </div>
  </div>
 </body>
</html>
