3146 5023
652 400 738 457 ΒΕ
791 402 1116 460 ΜΠΒΒΙΟΝΕ
1166 406 1662 463 Aposrotonmt
1712 406 1797 463 AD
1852 407 2374 464 PRAEchNnmt.
2702 414 2767 468 ³7

1324 730 1601 805 CAPUT
1650 732 1732 804 Ll

278 954 358 1004 1³13
398 956 694 1006 msslomz
733 958 1172 1008 apostotolus!
1208 961 1288 1008 An
1332 959 1768 1035 mmmmm
1809 959 1932 1007 cml
1969 961 2318 1011 tonsum
2345 963 2755 1014 conmonuit.

608 1137 860 1196 Matthaei
892 1155 1017 1214 cap.
1042 1140 1117 1198 IX
1139 1146 1198 1197 et
1215 1141 1284 1212 X,
1312 1141 1485 1199 Marci
1515 1155 1643 1214 cap.
1672 1141 1746 1199 VI
1775 1145 1833 1199 et
1853 1141 2019 1198 Lucae
2046 1154 2170 1213 cap.
2197 1138 2270 1196 IX
2294 1143 2351 1196 et
2375 1141 2440 1197 Χ.

357 1364 381 1402 1
435 1343 685 1399 Vnum
725 1357 920 1398 enatus
970 1359 1068 1398 aar
1115 1360 1260 1401 sarrs:
1306 1361 1477 1402 cntra

273 1430 593 1471 ras-tonuit.
641 1443 695 1454 -
722 1412 912 1468 Posita
938 1414 1279 1486 Evangelica
1300 1416 1472 1490 legis-

281 1485 539 1553 latione,
572 1499 670 1554 per
707 1484 920 1541 Christi
983 1485 1471 1560 praedicationem,

272 1561 336 1613 et
376 1553 667 1626 descripta
697 1556 951 1627 ejusdem
982 1556 1146 1629 Legis
1172 1558 1475 1614 confirma-

274 1627 468 1695 tione,
503 1641 605 1696 per
619 1626 1027 1683 miraculorum
1061 1628 1471 1697 operationem,

271 1713 438 1754 nunc
470 1702 891 1768 consequenter
920 1698 1154 1768 ponitur
1183 1700 1473 1781 praedictae

273 1764 452 1840 Legis
492 1769 878 1839 promulgatio
919 1785 1020 1838 per
1065 1770 1471 1840 discipulorum

272 1840 641 1898 missionem.
670 1840 775 1896 Ubi
809 1840 1223 1908 chrysostomus
1253 1861 1271 1898 ε
1310 1861 1339 1894 «
1372 1842 1472 1899 At-

266 1911 458 1968 tende
501 1917 697 1967 autem
727 1912 1213 1981 opportunitatem
1246 1912 1467 1970 missio-

266 1982 385 2039 nis.
426 1982 747 2052 Postquam
779 1997 911 2038 eum
933 1979 1197 2038 viderunt
1215 1990 1471 2040 mortuos

267 2052 676 2114 suscitantem.
731 2069 889 2108 mare
948 2053 1355 2124 increpantem,
1414 2060 1472 2111 et

270 2130 482 2181 cetera
508 2123 860 2195 hujusmodi,
889 2128 947 2179 et
973 2124 1326 2181 sufficienter
1351 2126 1468 2182 vir-

265 2195 420 2252 tutis
459 2196 587 2266 ejus
624 2195 1173 2252 demonstrationem
1207 2213 1469 2267 suscepe-

264 2270 420 2323 runt
466 2282 574 2337 per
613 2268 789 2323 verba
836 2271 893 2322 et
937 2282 1142 2338 opera,
1188 2274 1327 2324 tunc
1372 2284 1469 2325 eos

265 2335 513 2394 emittit.
547 2355 579 2390 »
615 2337 777 2394 Unde
815 2345 874 2393 et
911 2338 1106 2395 Glossa
1130 2357 1149 2394 .-
1182 2357 1211 2391 «
1240 2341 1364 2396 Non
1394 2339 1467 2397 ab

265 2407 451 2465 initio
482 2406 640 2464 misit
669 2407 815 2479 illos,
843 2409 938 2463 sed
983 2414 1280 2479 postquam
1308 2411 1468 2467 vide-

265 2482 419 2537 runt
462 2479 804 2552 paralyticos
841 2485 1067 2537 curatos
1109 2487 1168 2537 et
1212 2487 1468 2540 mortuos

265 2550 605 2608 suscitatos.
648 2570 679 2605 1>
720 2550 864 2619 Quia
900 2567 1038 2625 ergo
1075 2554 1242 2609 multi
1276 2554 1468 2611 Jesum

268 2621 699 2693 sequebantur,
728 2630 849 2678 tum
886 2627 1117 2693 propter
1158 2624 1468 2696 praedicati·

270 2707 454 2750 onem
485 2694 858 2763 audiendam,
884 2699 1009 2750 tum
1044 2711 1145 2765 pro
1185 2700 1275 2752 ter
1304 2695 1466 2753 infir-

278 2764 555 2821 mitatum
572 2767 925 2821 curationem
938 2765 1125 2822 haben
1167 2782 1288 2836 am;
1304 2769 1468 2824 Jesus

279 2840 482 2915 autem
512 2836 594 2891 ita
626 2852 840 2906 pauper
872 2843 1015 2906 erat,
1045 2839 1198 2919 quod
1228 2855 1334 2895 nec
1365 2839 1463 2895 do-

218 2915 241 2934 ·
276 2905 587 2972 micilium,
615 2907 712 2962 ubi
742 2915 913 2977 caput
943 2909 1266 2979 reclinaret,
1295 2910 1466 2966 habe·

283 2977 427 3046 bat3
491 2977 623 3033 ideo
680 2981 865 3034 turbae
924 2987 1223 3050 sequentes
1271 2979 1465 3049 illum,

276 3047 533 3119 fatigati,
565 3048 700 3104 fessi
723 3055 780 3105 et
807 3051 985 3106 vexati
1019 3051 1122 3107 sub
1152 3050 1265 3120 dio,
1297 3067 1467 3122 super

282 3124 505 3175 terram
518 3120 791 3191 jacebant
805 3123 1065 3191 Propter
1081 3122 1232 3193 quod
1250 3122 1466 3187 videns,

281 3190 501 3247 intuitu
540 3193 879 3260 clementiae,
908 3193 1099 3248 turbas
1136 3193 1208 3248 ad
1237 3209 1297 3250 se
1329 3209 1466 3249 con-

389 3264 813 3333 gataS,visccra
833 3262 968 3318 mise
977 3264 1237 3320 ricordiae
1259 3280 1469 3335 expan-

322 3348 430 3388 ens
449 3335 608 3390 eirca
625 3337 1061 3404 ipsa8,misertus
1078 3341 1134 3390 et
1148 3351 1470 3406 compassus

282 3409 367 3462 ost
389 3408 473 3461 eis
502 3424 523 3460 .·
560 3407 695 3475 quia
720 3411 877 3460 erant
901 3408 1093 3461 vexati
1114 3408 1311 3463 labore
1338 3422 1467 3463 cor·
1500 3447 1507 3448 κ

282 3477 473 3549 porali
503 3482 563 3531 et
587 3477 760 3533 etiam
785 3476 1087 3548 spirituali,
1108 3478 1327 3534 scilicet
1350 3494 1472 3533 cor-

282 3562 495 3619 porum
533 3552 589 3602 et
622 3554 1002 3616 peccatorum,
1036 3554 1088 3604 et
1124 3549 1344 3619 abjecte
1368 3548 1467 3619 ja·

283 3623 488 3683 centes,
508 3619 654 3673 siout
678 3635 801 3674 oves
823 3625 1120 3690 pastorem,
1142 3621 1242 3691 qui
1267 3636 1363 3676 eos
1390 3621 1469 3675 di·

284 3687 648 3760 rigeret,non
665 3691 942 3745 habentes.
960 3692 1022 3746 In
1041 3707 1155 3761 quo
1174 3691 1466 3761 pontifices

280 3757 622 3819 Judaeorum
650 3762 965 3831 redarguit,
996 3764 1092 3834 qui
1120 3762 1300 3834 magis
1329 3761 1468 3835 lupi,

285 3845 465 3902 quam
498 3836 752 3902 pastores
787 3840 970 3889 erant.
1003 3834 1159 3889 Unde
1195 3835 1468 3903 Hierony-

280 3917 445 3958 mus:
464 3921 495 3956 (ι
529 3901 761 3959 Vexatio
779 3902 969 3976 gregis
984 3909 1043 3960 et
1065 3906 1256 3960 ovium
1295 3910 1469 3975 atque

281 3973 614 4039 turbarum,
643 3982 931 4045 pastorum
970 3977 1138 4046 culpa
1179 3982 1237 4031 et
1271 3977 1473 4036 vitium

284 4044 697 4117 magistrorum
735 4051 841 4102 est.
876 4065 906 4100 »
953 4047 1288 4103 Sacerdotes
1317 4047 1472 4102 enim

284 4122 346 4173 et
392 4116 660 4173 doctores
707 4115 862 4173 illius
909 4116 1213 4189 temporis,
1265 4118 1470 4173 intenti

285 4187 575 4258 avaritiae,
606 4203 723 4244 non
762 4190 1043 4246 vacabant
1080 4189 1271 4245 debito
1304 4189 1474 4246 modo

283 4272 492 4316 eorum
522 4259 824 4330 doctrinae,
852 4261 952 4317 sed
982 4266 1148 4317 erant
1178 4262 1325 4317 sicut
1356 4259 1474 4330 lupi

283 4343 533 4404 rapaces
551 4373 570 4404 ,
627 4333 936 4404 spoliantes
987 4332 1263 4406 populum
1310 4331 1478 4390 bonis

1584 1344 2020 1415 temporalibus,
2048 1358 2152 1413 per
2187 1341 2401 1397 malum
2439 1343 2759 1415 exemplum

1586 1422 1918 1472 revocantes
1945 1430 1981 1471 a
2003 1412 2411 1484 spiritualibus.
2434 1414 2593 1471 Jesus
2621 1432 2757 1473 vero
2803 1414 2811 1421 ”

1585 1492 1880 1569 tamquam
1917 1490 2112 1556 pastor
2145 1483 2324 1540 bonus
2361 1485 2630 1554 pascebat
2663 1502 2759 1543 eos

1584 1566 1876 1624 contlnue,
1908 1556 2083 1613 verbo
2121 1554 2396 1610 doctrinae
2427 1572 2544 1612 suae
2583 1556 2755 1626 spiri-

1583 1629 1907 1697 tualiter,et
1931 1625 2241 1699 aliquando
2261 1623 2435 1681 etiam
2455 1628 2758 1697 temporali

1582 1701 1858 1769 subsidio,
1923 1696 2316 1769 corporaliter.
2353 1696 2509 1754 Sicut
2564 1703 2759 1755 autem

1582 1777 1736 1835 tunc,
1763 1773 1844 1827 sic
1878 1776 1936 1827 et
1964 1770 2153 1837 hodie,
2184 1769 2324 1839 prob
2358 1768 2553 1826 dolorl
2589 1769 2757 1826 multi

1582 1843 1678 1913 qui
1700 1848 1950 1913 pastores
1965 1840 2257 1909 dicuntur,
2269 1845 2522 1896 attamen
2539 1856 2605 1896 ea
2627 1856 2755 1911 quae

1582 1914 1846 1984 luporum
1888 1918 2022 1969 sunt
2063 1910 2252 1968 facere
2301 1926 2417 1967 non
2464 1919 2752 1971 verentur.

1579 1985 1703 2040 Non
1720 1984 1903 2040 solum
1943 1983 2097 2039 enim
2128 1997 2245 2037 non
2278 1982 2589 2038 emendant
2608 1982 2751 2039 sub-

1581 2055 1749 2123 ditos,
1808 2055 1908 2111 sed
1936 2070 2038 2125 per
2072 2052 2480 2124 negligentiam
2513 2057 2571 2107 et
2600 2052 2752 2109 mala

1581 2126 1838 2196 exempla
1884 2127 2095 2181 nocent
2138 2138 2333 2179 eorum
2385 2121 2750 2191 profectibus,

1579 2198 1811 2253 Mittunt
1828 2196 2159 2253 collectores
2179 2193 2526 2248 decimarum
2547 2196 2604 2248 et
2623 2209 2755 2249 con-

1579 2267 1872 2324 fiscatores
1919 2280 2113 2324 rerum
2161 2263 2584 2334 temporalium,
2634 2279 2748 2321 non

1581 2340 1943 2410 inquisitores
1961 2338 2256 2394 haereseon
2276 2342 2334 2392 et
2354 2336 2750 2393 emendatores

1579 2411 1867 2479 vitiorum,
1888 2416 1941 2466 et
1963 2410 2092 2466 ideo
2115 2412 2201 2464 tot
2217 2413 2277 2464 et
2301 2412 2475 2463 tantae
2502 2408 2751 2464 baereses

1577 2487 1635 2539 et
1660 2487 1846 2539 sentes
1880 2482 2147 2538 vitiorum
2185 2480 2244 2535 in
2279 2479 2446 2535 horto
2487 2479 2750 2535 Ecclesiae

1569 2554 1691 2624 jam
1730 2554 2013 2624 pullulant
2048 2558 2108 2608 et
2148 2555 2432 2620 crescunt,
2466 2550 2619 2620 quod
2660 2550 2753 2605 vix

1575 2625 1856 2686 eradicari
1884 2632 2052 2695 atque
2088 2621 2454 2678 exterminari
2482 2626 2741 2691 possunt.

1575 2696 1811 2754 Vexatio
1864 2712 2001 2766 ergo
2047 2696 2240 2751 ovium
2294 2698 2352 2748 et
2400 2692 2752 2763 negligentia

1576 2774 1865 2837 pastorum
1894 2765 1999 2821 fuit
2029 2764 2251 2820 occasio
2290 2762 2550 2818 mittendi
2595 2764 2749 2832 Apo·

1572 2837 1747 2893 stolos
1776 2838 1849 2891 ad
1880 2834 2300 2905 praedicandum
2334 2832 2539 2902 populo
2576 2838 2635 2885 et
2657 2846 2748 2886 sa-

1575 2908 1832 2963 nandum
1850 2906 2126 2972 infirmOS,
2139 2909 2336 2959 utnon
2355 2905 2504 2956 esset
2523 2915 2749 2956 necesse

1576 2972 2747 3049 quodturbaecurrerentpostJesumtanto

1573 3050 1792 3106 labore.
1811 3048 1880 3101 Et
1901 3043 2156 3116 quamvis
2182 3041 2363 3111 primo
2383 3040 2664 3111 Apostolis
2692 3046 2750 3098 et

1577 3119 1935 3191 postmodum
1956 3113 2315 3186 septuaginta
2340 3112 2559 3168 duobus
2580 3111 2747 3168 disci-

1577 3192 1744 3262 pulis.
1800 3205 1928 3246 cum
1980 3202 2079 3243 eos
2130 3185 2410 3253 mitteret,
2467 3188 2750 3256 praecepta

1577 3262 1841 3334 quaedam
1902 3259 2176 3316 Dominus
2239 3256 2492 3325 dederit,
2552 3261 2744 3312 tamen

1571 3336 1707 3405 quia
1732 3333 1852 3389 fere
1881 3329 2076 3387 omnia
2104 3335 2160 3386 et
2189 3329 2275 3386 his
2303 3336 2359 3384 et
2382 3327 2513 3399 illis,
2546 3333 2603 3384 et
2632 3343 2747 3383 non

1575 3406 1756 3461 solum
1784 3403 1935 3487 ipsiS,
1966 3403 2065 3460 sed
2095 3409 2151 3458 et
2178 3416 2374 3458 eorum
2405 3400 2746 3480 successori-

1576 3476 1680 3533 bus
1709 3481 1766 3532 et
1801 3474 2182 3532 lmitatoribus
2216 3473 2517 3528 convenire
2547 3472 2747 3526 viden-

1575 3554 1705 3605 tur:
1739 3549 1864 3604 ideo
1884 3546 1944 3602 in
1966 3543 2332 3617 sequentibus
2356 3541 2525 3599 simul
2546 3541 2747 3596 ordine

1578 3618 1919 3692 congruenti
1946 3621 2253 3686 ponuntur.

1651 3711 1679 3746 2
1709 3694 1906 3746 Mssms
1944 3704 2122 3745 unua
2163 3703 2227 3741 m
2277 3697 2529 3740 orsum
2568 3693 2748 3744 raum,

1578 3779 1705 3827 Qum
1732 3779 1788 3817 m
1819 3776 1984 3815 samso
2012 3772 2344 3816 ausoomco
2377 3749 2750 3829 mammeas-r?
2839 3761 2844 3764 ⁴

1580 3863 1642 3874 —
1684 3831 2062 3887 Considerans
2102 3830 2292 3897 itaque
2332 3826 2494 3902 Jesus
2534 3824 2748 3876 vexati-

1579 3917 1751 3959 onem
1791 3900 1981 3955 ovium
2018 3902 2073 3954 et
2115 3897 2517 3967 negligentiam
2558 3894 2748 3974 pasto·-

1580 3988 1728 4036 rum‚
1764 3973 1986 4040 poterat
2020 3969 2231 4032 dicere,
2268 3971 2325 4021 et
2354 3978 2552 4019 revera
2594 3962 2751 4016 αἰπύ

1580 4041 1875 4114 discipulis
1899 4040 2019 4094 suis
2041 4038 2269 4094 :Messis
2299 4033 2521 4106 quidem
2550 4031 2748 4096 multa,

1579 4115 1640 4171 id
1689 4119 1774 4170 est
1818 4108 2120 4169 multitudo
2169 4111 2489 4179 praeparata
2528 4104 2602 4185 ad
2644 4103 2753 4162 hoc

1583 4185 1736 4258 quod
1767 4200 1868 4256 per
1899 4182 2070 4238 fidem
2100 4180 2404 4253 colligatur
2441 4182 2498 4232 et
2526 4191 2588 4258 in
2615 4177 2753 4258 llor-

1581 4273 1743 4314 reum
1781 4263 2114 4328 reponatur.
2142 4253 2300 4309 Unde
2336 4254 2395 4306 et
2434 4249 2572 4305 alib1
2611 4249 2753 4303 dici·

1579 4334 1677 4387 tur
1713 4350 1728 4389 z
1762 4330 1962 4388 Levate
2005 4327 2188 4386 oculos
2229 4326 2458 4394 vestros,
2492 4325 2544 4378 et
2574 4319 2760 4377 videte
