3146 5023
584 378 667 431 DE
719 377 802 431 Eo
854 374 1026 436 QUOD
1078 374 1379 444 DOMINUS
1433 377 1644 431 SUPRA
1697 375 1883 430 iilum
1937 376 2354 433 AMBULAVIT.
2652 380 2740 434 189

268 492 331 547 in
375 485 700 555 naviculam
740 489 998 542 nostram
1045 484 1358 555 suscipere,
1389 484 1450 542 id

271 565 358 619 est
385 559 448 616 in
480 558 744 615 cordibus
774 556 987 613 nostris
1016 555 1296 625 habitare,
1332 563 1448 613 sta-

270 631 374 689 tim
404 628 764 687 inveniemur
787 627 848 684 in
875 632 1052 700 terra,
1078 626 1153 685 ad
1174 641 1347 699 quam
1363 627 1449 685 ire

272 703 556 766 volumuS,
588 700 647 758 id
676 706 764 756 est
799 699 1028 756 coelum.

340 778 375 832 8
433 775 596 830 Fines
653 773 1056 829 Gi-:Nsmoiiuii
1087 811 1103 841 ,
1155 788 1225 827 An
1306 788 1447 834 Quos

273 860 498 903 mansu
528 846 798 902 Domum.
840 872 908 884 —
940 845 1072 901 Cum
1097 848 1302 911 autem,
1335 845 1456 902 Do-.

276 916 462 973 minus
489 919 655 973 Jesus
696 918 753 971 et
782 912 1045 987 discipuli
1090 914 1233 985 eJus,
1266 919 1449 985 trans-

269 990 589 1057 fretassent‚
638 990 900 1041 venerunt
946 988 1007 1041 in
1049 990 1250 1042 terram
1281 986 1452 1041 Gene-

271 1062 481 1124 zareth,
511 1058 593 1115 sic
616 1057 827 1114 dictam
853 1071 889 1112 a
913 1056 1022 1113 loci
1050 1055 1361 1113 vicinitate.
1384 1058 1454 1112 Et

274 1136 478 1202 gentes
543 1128 799 1201 regionis
852 1127 1005 1184 illius
1064 1130 1453 1198 cognoverunt

268 1205 488 1270 Jesum‚
521 1200 619 1257 alii
650 1214 880 1257 rumore
927 1202 984 1256 et
1012 1199 1185 1269 fama,
1217 1198 1316 1255 alii
1364 1199 1452 1255 fa-

272 1273 359 1330 cie
384 1278 440 1329 et
467 1270 796 1344 praesentia.
831 1272 901 1327 Et
928 1269 1326 1352 perquirentes
1354 1269 1448 1325 in-

272 1343 475 1400 firmos
524 1341 805 1399 universae
849 1341 1103 1413 regionis
1137 1340 1311 1409 illius,
1344 1341 1447 1397 ad-

269 1414 554 1473 duxerunt
581 1429 681 1469 eos
719 1413 793 1469 ad
827 1415 1044 1482 Jesum‚
1080 1416 1164 1477 ut,
1204 1412 1293 1469 vel
1331 1412 1456 1468 fim-

270 1486 460 1544 briam
516 1483 841 1541 vestimenti
896 1483 1038 1555 ejuS,
1100 1487 1456 1540 mererentur

269 1562 530 1628 tangere,
556 1555 798 1613 scientes
829 1555 982 1626 quod
1004 1554 1084 1612 sic
1103 1559 1327 1626 poterat
1353 1570 1453 1611 eos

270 1643 514 1696 curare;
549 1631 607 1683 et
645 1626 1143 1697 consequebantur
1171 1625 1455 1683 beneficia

273 1697 654 1766 curationum,
680 1702 798 1753 tam
825 1701 1016 1754 mente
1047 1713 1219 1769 quam
1253 1712 1353 1753 cor
1393 1712 1451 1753 o·

272 1786 358 1839 re,
397 1769 536 1842 quia
574 1769 703 1825 illos
732 1784 874 1840 quos
910 1767 1168 1825 Christus
1206 1784 1309 1824 san
1390 1772 1452 1823 at

270 1857 530 1913 corpore,
584 1840 821 1897 sanabat
871 1844 929 1895 et
965 1844 1179 1896 mente.
1221 1838 1324 1896 Ubi
1371 1840 1454 1895 ait

274 1915 690 1982 chrysostomus
722 1935 736 1969 ε
775 1932 806 1964 «
835 1912 949 1967 Nos
975 1915 1168 1967 autem
1200 1926 1321 1967 non
1354 1926 1450 1967 so-

273 1984 392 2040 lum
421 1981 712 2039 fimbriam
741 1986 842 2039 aut
866 1981 1266 2038 vestimentum
1297 1981 1454 2038 Chri-

271 2054 344 2110 sti
372 2054 672 2121 habemuS,
698 2058 762 2109 ut
788 2058 1122 2124 tangamus;
1149 2051 1251 2109 sed
1279 2051 1453 2109 etiam

271 2126 490 2196 Corpus
521 2125 664 2196 ejuS,
699 2129 761 2181 ut
798 2124 1183 2181 comedamus
1218 2123 1275 2181 Si
1315 2138 1451 2195 ergo

272 2194 370 2268 qui
405 2195 688 2251 fimbriam
708 2200 808 2251 aut
832 2195 1152 2251 vestimenti
1179 2195 1300 2266 ejus
1327 2196 1454 2251 teti-

270 2272 498 2339 gerunt,
535 2270 753 2323 tantam
786 2272 1129 2337 acceperunt
1161 2265 1447 2335 virtutem,

274 2338 457 2397 multo
519 2338 698 2410 magis
756 2336 856 2410 qui
913 2343 1092 2394 totum
1140 2338 1325 2407 ipsum
1355 2353 1452 2393 su·

270 2414 428 2466 ment
476 2429 492 2465 ε
549 2433 575 2457 ι»
632 2410 756 2465 haec
814 2410 1246 2479 chrysostomus.
1283 2408 1448 2465 Mira

271 2480 416 2538 sides
471 2481 913 2551 Genezarorum,
962 2487 1026 2538 ut
1065 2497 1184 2537 non
1225 2486 1451 2537 tantum

266 2554 634 2624 praesentium
670 2553 850 2609 salute
882 2552 1135 2609 contenti
1175 2552 1312 2621 sint,
1346 2552 1445 2607 sed

182 2623 187 2626 “
268 2623 501 2680 mittant
549 2623 620 2679 ad
676 2625 818 2680 alios
877 2638 977 2694 per
1025 2624 1352 2691 circuitum,
1383 2628 1447 2678 ut

268 2699 502 2759 currant
550 2711 748 2752 omnes
784 2695 856 2752 ad
896 2693 1220 2751 medicum!
1266 2694 1446 2750 Curre

268 2766 325 2823 et
350 2771 415 2823 tu
445 2782 548 2839 pre
579 2782 937 2838 quacumque
988 2765 1325 2823 infirmitate
1374 2764 1451 2822 ad

266 2840 481 2906 Jesum,
526 2844 818 2894 auctorem
868 2837 1078 2906 salutis,
1116 2842 1180 2894 ut
1239 2836 1453 2893 benefi-

268 2909 421 2965 cium
479 2908 787 2964 curationis
849 2907 1115 2989 consequi
1144 2909 1447 2978 merearis.

269 2981 390 3034 Hoc
415 2985 609 3035 autem
637 2978 789 3035 sacto
819 2979 1048 3034 Domini
1092 2980 1227 3035 Jesu
1271 2979 1449 3049 signi-

268 3050 496 3118 ficatur,
561 3050 714 3120 quod
773 3049 1118 3120 praedicator
1157 3047 1449 3119 Evangelii

269 3121 439 3178 debet
482 3135 682 3185 curare
726 3117 1029 3193 languidos
1057 3118 1448 3192 spiritualiter,

266 3192 555 3249 medicina
611 3189 1035 3263 praedieationis
1104 3195 1160 3247 et
1236 3194 1449 3247 sanctae

267 3263 631 3335 operationiS.
663 3294 735 3304 —
769 3264 1017 3335 Mystice‚
1059 3262 1448 3319 transfretatio

266 3335 388 3391 haec
437 3333 722 3408 significat
781 3335 1082 3392 transitum
1128 3333 1338 3390 Christi
1375 3335 1448 3390 ad

154 3427 195 3470 ·,
265 3407 516 3463 Gentiles
554 3423 655 3477 per
681 3407 998 3479 Apostolos.
1042 3406 1234 3462 Innuit
1262 3420 1397 3476 ergo
1426 3421 1442 3461 ε

256 3477 447 3548 primo
469 3477 772 3536 transitum
786 3477 1185 3550 Apostolorum
1209 3476 1283 3532 ad
1306 3477 1450 3533 Gen-

267 3548 452 3606 tilium
500 3551 954 3617 conversionem,
977 3549 1232 3605 Genezar
1269 3547 1444 3617 enini,

267 3635 370 3675 seu
407 3620 757 3677 Genezareth
796 3622 1204 3690 interpretatur
1248 3622 1448 3676 vitium

264 3692 606 3754 nativitatis,
635 3696 694 3746 et
718 3690 1002 3762 significat
1027 3691 1443 3761 Gentilitatem;

266 3760 514 3817 secundo
547 3803 564 3824 ,
612 3767 941 3833 sequentem
990 3762 1125 3819 fidei
1173 3762 1449 3833 cognitio-

269 3841 426 3900 iiem,
474 3833 607 3900 quia
660 3837 1049 3906 cognoverunt
1103 3848 1282 3902 eum;
1327 3838 1445 3889 ter-

268 3901 371 3970 tio,
422 3901 680 3960 fidelium
728 3903 1280 3975 multiplicationem,
1312 3901 1449 3974 quia

268 3974 341 4054 ad
389 3975 853 4057 congregandum
878 3975 1141 4033 infirmos
1166 3975 1448 4032 miserunt

269 4061 327 4100 in
359 4060 690 4102 universam
720 4062 1038 4118 regionem.

342 4139 374 4188 9
404 4117 707 4174 Anniani-io
753 4119 995 4176 Hsiionis
1022 4136 1091 4174 ns:
1116 4121 1271 4192 JsstJ,
1299 4134 1446 4182 cusu

266 4189 522 4244 JOANNEM
552 4207 950 4249 assuscrraruu
1005 4207 1220 4247 cnsnir.
1256 4219 1326 4232 -
1378 4192 1447 4246 Et

270 4261 495 4315 audivit
542 4262 801 4331 Herodes,
854 4265 1150 4321 Tetrareha
1175 4306 1193 4328 ,
1231 4263 1444 4342 faniam

267 4330 338 4387 de
365 4334 513 4398 Jesu,
538 4331 597 4391 id
644 4341 733 4393 est
778 4335 850 4394 de
879 4333 1142 4396 doctrina
1180 4337 1238 4393 et
1276 4348 1446 4391 mira·

1559 484 1703 541 culis
1750 485 1895 556 ejuS‚
1927 485 2008 542 ita
2049 492 2116 544 ut
2152 493 2208 544 et
2241 487 2381 559 ipse,
2418 496 2476 547 et
2504 492 2738 563 quidam

1556 555 1656 612 alii
1685 555 2034 613 mirarentur
2066 559 2124 614 in
2152 575 2221 614 eo
2246 562 2276 616 J
2284 576 2530 619 oannem
2555 580 2739 621 resur·

1506 638 1509 641 ·
1557 625 1769 684 rexisse
1802 642 1838 683 a
1871 628 2129 685 mortuis.
2174 631 2242 684 Et
2277 646 2410 687 vere
2460 635 2530 690 de
2577 651 2740 692 mor-

1556 696 1674 779 tuis
1705 697 1966 768 surrexit,
1989 700 2087 769 qui
2115 700 2187 756 de
2219 706 2404 757 morte
2433 704 2604 776 hujus
2630 704 2737 763 mi-

1558 784 1724 825 seriae
1756 768 2089 840 corporalis,
2113 771 2424 828 secundum
2453 775 2738 847 spiritum,

1559 839 1621 896 iii
1646 842 1821 896 vitam
1846 841 2228 898 immortalem
2254 844 2532 901 transivit.
2559 850 2633 903 Et
2655 851 2741 904 ait

1553 914 1749 984 pueris
1781 914 1898 967 suis
1940 930 1959 967 ε
1988 914 2112 984 Ipse
2142 917 2389 970 surrexit
2421 932 2455 971 a
2487 921 2740 987 mortuis,

1561 987 1616 1039 et
1645 982 1769 1038 ideo
1795 985 2027 1039 virtutes
2054 990 2354 1056 operantur
2379 988 2440 1042 in
2467 1003 2528 1042 eo
2561 1007 2579 1042 .·
2613 987 2741 1060 opi-

1562 1054 1660 1109 nio
1685 1052 1839 1110 enim
1880 1055 2136 1111 omnium
2165 1055 2516 1127 loquentium
2546 1059 2618 1115 de
2647 1075 2741 1118 re·

1560 1123 1914 1181 surrectione
1968 1129 2024 1181 et
2066 1126 2493 1185 immortalitate
2531 1129 2741 1187 animae

1559 1195 1690 1264 fuit,
1744 1196 1900 1266 quod
1951 1202 2078 1278 post
2129 1198 2613 1257 resurrectionem
2667 1203 2742 1258 sit

1561 1266 1735 1322 homo
1768 1267 1998 1348 majoris
2018 1276 2074 1325 et
2101 1268 2517 1326 excellentioris
2543 1276 2740 1343 poten-

1561 1337 1658 1394 tiae
1679 1342 1737 1393 et
1763 1340 1987 1395 virtutis
2016 1355 2186 1411 quam
2214 1346 2367 1410 ante,
2395 1342 2533 1398 dum
2554 1344 2741 1402 adhuc

1565 1416 1900 1491 gravaretur
1926 1408 2259 1468 infirmitate
2279 1412 2466 1470 carnis
2489 1431 2502 1482 ;
2532 1421 2589 1470 et
2612 1413 2740 1472 ideo

1564 1480 1701 1562 licet
1742 1483 1991 1538 Joannes
2043 1484 2297 1554 Baptista
2345 1500 2460 1539 non
2514 1485 2743 1543 fecisset

1565 1552 1844 1609 miracula
1879 1552 1939 1608 in
1962 1553 2081 1611 vita
2107 1570 2229 1624 sua,
2266 1556 2519 1612 Herodes
2549 1564 2742 1615 tamen

1566 1623 1803 1680 eredens
1851 1640 1980 1680 eum
2036 1626 2344 1682 surrexisse
2397 1642 2432 1683 a
2481 1628 2743 1698 mortuis,

1563 1695 1858 1751 asserebat
1881 1710 2013 1752 eum
2041 1697 2227 1753 facere
2253 1698 2547 1756 miracula.
2581 1700 2743 1757 Unde

1568 1767 1898 1848 Theophilus
1946 1789 1960 1823 ε
2003 1788 2025 1817 ι
2062 1767 2255 1825 Sciens
2294 1770 2545 1826 Herodes
2591 1771 2743 1841 quod

1561 1838 1841 1893 Joannem
1866 1844 2081 1908 Justum
2096 1840 2438 1896 existentem
2464 1840 2586 1897 sine
2611 1858 2741 1898 cau-

1563 1923 1628 1964 sa
1654 1906 1959 1978 occiderat,
1993 1910 2262 1966 credebat
2291 1927 2420 1967 eum
2441 1927 2472 1966 a
2507 1911 2746 1970 mortuis

1565 1980 1897 2061 surrexisse,
1933 1986 1991 2036 et
2030 1981 2182 2063 quod
2231 1998 2298 2037 ex
2330 1981 2745 2041 resurrectione

1564 2055 1912 2121 suscepisset
1980 2053 2389 2109 miraculorum
2457 2054 2744 2122 operatio·

1564 2136 1698 2177 nem
1749 2137 1764 2181 z
1817 2140 1845 2173 »
1899 2122 2022 2178 haec
2078 2125 2431 2195 Theophilus,
2486 2128 2594 2182 Per
2634 2125 2746 2183 hoc

1564 2198 1759 2248 autem
1831 2193 2126 2249 moraliter
2183 2193 2533 2266 designatur,
2593 2196 2746 2278 quod

1561 2268 1930 2336 resurgentes
1960 2264 2028 2320 de
2074 2268 2258 2321 morte
2287 2266 2490 2336 culpae,
2518 2282 2741 2339 maJora

1563 2333 1840 2391 virtutum
1873 2350 2049 2417 opera
2090 2336 2301 2393 debent
2338 2336 2526 2394 facere
2565 2352 2741 2408 quam

1564 2412 1731 2475 ante;
1775 2412 1835 2462 ut
1878 2422 1958 2462 sic
1994 2407 2300 2463 ostendant
2342 2423 2403 2463 se
2441 2414 2633 2480 gratos
2674 2409 2743 2467 de

1564 2493 1668 2534 sua
1697 2478 2134 2536 resurrectione.
2158 2478 2464 2550 moraliter
2494 2496 2742 2554 quoque,

1561 2551 1845 2631 Joannem
1866 2552 2130 2620 decollat,
2159 2550 2261 2622 qui
2287 2552 2503 2609 bonum
2532 2568 2741 2625 propo-

1564 2626 1738 2677 situm
1772 2622 1844 2677 ab
1879 2620 2071 2693 aliquo
2106 2622 2312 2690 aufert,
2341 2624 2430 2678 vel
2460 2622 2520 2678 in
2552 2640 2612 2679 se
2640 2640 2745 2680 ne-

1565 2697 1676 2748 cat.
1708 2692 1960 2749 Herodes
1999 2707 2156 2763 vero,
2199 2694 2351 2749 inter
2394 2694 2631 2750 dubium
2667 2695 2741 2750 ti-

1562 2763 1900 2835 midumque
1934 2764 2224 2834 vacillanS,
2264 2766 2500 2834 optabat
2535 2766 2744 2837 saepius

1561 2838 1623 2891 et
1678 2837 1973 2917 quaerebat
2025 2834 2218 2893 videre
2269 2838 2484 2907 Jesum,
2543 2838 2744 2894 ductus

1562 2920 1746 2978 magis
1787 2907 2117 2963 curiositate
2165 2907 2395 2964 videndi
2441 2907 2740 2978 miracula,

1563 2993 1734 3049 quam
1792 2977 2126 3046 devotione;
2163 2984 2220 3034 et
2265 2985 2326 3034 ut
2367 2979 2417 3033 si
2467 2976 2614 3032 forte
2660 2976 2740 3034 sic

1560 3051 1841 3105 Joannem
1885 3050 2066 3120 possit
2108 3063 2442 3119 agnoscere,
2474 3048 2590 3103 imo
2644 3064 2741 3105 vo·

1562 3119 1717 3177 lebat
1745 3135 1878 3176 eum
1906 3120 2187 3176 occidere.
2224 3120 2334 3176 Per
2371 3119 2526 3175 hunc
2560 3118 2738 3190 signi-

1561 3190 1808 3248 ficantur
1853 3190 2083 3260 curiosi,
2126 3190 2223 3262 qui
2274 3191 2424 3247 facta
2462 3189 2741 3248 miracula

1561 3262 1756 3318 videre
1798 3267 2063 3333 quaerunt
2106 3270 2162 3318 et
2215 3263 2436 3333 audire,
2470 3263 2571 3318 sed
2622 3278 2737 3319 non

1559 3332 1794 3390 imitari.
1830 3336 2132 3391 Tremebat
2170 3334 2401 3406 quidem
2450 3339 2507 3391 et
2540 3333 2735 3390 formi-

1560 3404 1736 3461 dabat
1785 3406 2036 3462 Herodes
2080 3407 2360 3462 Joannem
2408 3407 2596 3464 adhuc
2647 3406 2738 3462 vi-

1558 3490 1714 3543 vum,
1749 3492 2059 3548 pauperem
2112 3493 2343 3549 prorsus
2390 3485 2449 3535 et
2483 3479 2734 3546 nudum3

1557 3547 1797 3605 timebat
1856 3548 2029 3606 etiam
2087 3556 2143 3605 et
2198 3550 2544 3606 formidabat
2599 3563 2736 3605 eum

1554 3618 1674 3689 jam
1701 3620 1951 3678 occisum
1976 3627 2032 3678 et
2052 3627 2361 3677 mortuum.
2385 3619 2543 3676 Unde
2569 3620 2736 3698 Chry-

1556 3695 1823 3748 sostomus
1859 3716 1872 3749 2
1904 3712 1934 3747 «
1975 3691 2084 3750 Sed
2133 3708 2239 3748 nec
2267 3690 2580 3747 abscissum
2612 3703 2735 3768 ejus

1557 3765 1731 3832 caput
1755 3778 1956 3819 secure
1987 3767 2210 3832 poterat
2230 3779 2297 3818 ac
2325 3762 2568 3816 libenter
2591 3769 2735 3827 aspi-

1556 3847 1708 3900 cere,
1743 3830 1879 3903 quia
1926 3835 2050 3902 post
2089 3836 2334 3888 mortem
2368 3844 2596 3900 quoque
2628 3830 2734 3884 ἇσ-

1555 3902 1724 3958 annis
1749 3902 1807 3958 in
1840 3903 1935 3959 illo
1964 3907 2151 3958 terror
2176 3902 2421 3973 vigebat.
2442 3902 2622 3955 Tanta
2648 3903 2735 3955 est

1553 3973 1638 4029 vis
1681 3974 1893 4044 quippe
1929 3972 2175 4039 virtutis,
2209 3980 2273 4028 ut
2321 3975 2448 4042 post
2491 3976 2735 4026 mortem

1554 4059 1785 4115 quoque
1832 4043 1907 4106 sit
1938 4043 2256 4099 viventibus
2298 4042 2533 4110 fortior;
2589 4041 2734 4098 adeo

1555 4121 1640 4172 est
1663 4113 1965 4174 imbecillis
1984 4115 2260 4186 nequitia,
2279 4111 2501 4170 etiamsi
2521 4115 2736 4168 honore

1553 4185 1707 4259 regis
1744 4188 1999 4259 Juvetur,
2027 4187 2248 4244 etiamsi
2290 4183 2553 4257 praesidio
2598 4182 2737 4239 mul·

1555 4257 1838 4329 titudinis,
1858 4264 2030 4330 atque
2056 4259 2324 4315 universa
2344 4256 2512 4328 hujus
2535 4254 2736 4313 mundi

1551 4332 1815 4404 potentia
1838 4331 2130 4406 fulciatur,
2158 4346 2355 4389 omnes
2374 4333 2569 4386 tamen
2588 4342 2738 4402 quo·
