3146 5023
627 357 712 410 DE
767 354 1145 411 nunnioni:
1198 357 1600 412 PARALYTICI
1656 357 1778 410 PER
1833 356 2090 408 TECTUM
2150 322 2427 408 Diuissl.
2701 360 2756 411 21

311 467 511 535 lutem‚
558 470 622 520 ut
671 462 879 520 deinde
940 478 1070 519 cum
1114 462 1339 520 Christo
1391 478 1485 519 re-

311 536 583 608 quiescat.
637 537 717 590 Ne
762 534 908 603 ,dum
962 549 1323 606 praepropere
1369 533 1491 588 vult

305 610 424 681 jam
451 623 576 663 esse
603 621 737 662 cum
766 605 1012 676 Christ0‚
1052 605 1304 675 negligat
1339 620 1488 676 prae-

310 678 616 735 dicationis
671 678 1023 749 mysterium,
1072 675 1338 731 fraternae
1368 675 1493 730 red-

303 747 585 820 emptioni
634 748 1141 804 accommodatum.
1175 765 1203 799 »
1244 746 1400 802 Unde
1437 751 1527 801 et·

304 820 608 889 Greqorius
631 838 649 874 :
679 836 706 870 «
731 819 872 874 Cum
897 817 1050 875 enim
1076 816 1493 890 quantumlibet

305 906 516 962 parum
540 893 609 946 de
638 890 830 946 divina
859 889 1201 962 cogitatione
1230 903 1395 958 perce
1440 904 1496 942 e-

309 962 517 1033 rimus»,
553 959 743 1017 redire
769 962 891 1030 J‘am
928 961 1000 1016 ad
1036 961 1284 1015 humana
1322 976 1396 1015 no
1424 975 1492 1013 u-

308 1048 459 1104 mm,
518 1033 770 1103 quietem
802 1031 1297 1101 contemplationis
1332 1046 1487 1100 quae·

304 1108 505 1160 rentes
548 1121 567 1173 3
623 1101 724 1157 sed
774 1103 1048 1158 Dominus
1105 1103 1373 1173 praecepit
1427 1106 1493 1157 ut

305 1189 473 1230 mens
533 1175 689 1245 prius
769 1174 1002 1230 exsudet
1059 1172 1117 1228 in
1178 1188 1372 1242 opere,
1429 1178 1486 1227 et

308 1247 677 1316 postmodum
701 1244 861 1299 refici
880 1243 1088 1300 debeat
1110 1259 1210 1313 per
1233 1249 1488 1298 contem-

314 1315 652 1384 plationem.
685 1332 713 1366 »
765 1317 839 1370 Et
887 1314 1052 1383 abiit,
1110 1329 1221 1368 non
1280 1319 1490 1382 mente,

309 1387 415 1440 sed
455 1402 690 1456 corpore
728 1391 1025 1455 separatus
1063 1401 1098 1440 a
1138 1383 1400 1454 Domino,
1440 1389 1494 1440 et

316 1459 487 1527 coepit
512 1457 811 1528 praedicare
836 1458 898 1511 in
917 1456 1197 1526 Decapoli,
1228 1454 1284 1510 id
1325 1456 1490 1511 estin

313 1528 558 1598 regione
582 1528 772 1583 decem
799 1526 1115 1595 civitatum,
1146 1530 1356 1596 quanta
1382 1525 1496 1581 sibi

316 1599 546 1665 fecisset
596 1600 751 1653 Jesus
809 1599 1093 1669 magnalia
1133 1613 1148 1667 ;
1208 1602 1261 1652 et
1314 1613 1494 1653 omnes

320 1670 695 1737 mirabantur,
753 1675 810 1723 et
866 1684 968 1738 per
1023 1682 1152 1723 eum
1202 1668 1271 1723 ad
1321 1668 1492 1722 fidem

318 1739 774 1795 aedificabantur.
810 1741 948 1794 Ecce
981 1740 1214 1794 mutatio
1253 1739 1496 1794 dexterae

317 1812 570 1879 Excelsi,
622 1810 757 1881 quia
803 1825 868 1864 ex
920 1809 1136 1864 infideli
1186 1815 1244 1864 et
1284 1810 1496 1864 daemo-

314 1882 484 1937 niaco
515 1881 698 1937 sactus
729 1885 814 1936 est
843 1880 1186 1951 praedicator
1215 1879 1398 1935 fidelis
1440 1885 1498 1934 et

312 1951 578 2022 devotuS‚
620 1956 901 2022 operante.
927 1951 1167 2007 Domino
1210 1969 1223 2018 ;
1261 1956 1317 2005 et
1365 1966 1496 2004 vere

314 2021 529 2087 fidelis,
581 2024 714 2093 quia
760 2022 834 2078 ad
883 2021 1124 2093 gloriam
1180 2022 1282 2077 Dei
1333 2024 1390 2076 et
1425 2020 1497 2076 ad

323 2093 631 2150 utilitatem
681 2094 920 2164 proximi
958 2092 1190 2149 effectus
1228 2096 1315 2147 est
1350 2092 1495 2148 talis,

1570 462 1760 535 ‚Quod
1783 477 1918 518 vero
1946 462 2038 518 bic
2064 460 2276 518 dicitur
2300 462 2370 521 de
2399 480 2533 533 uno,
2555 465 2764 522 intelli-

1596 533 1845 605 gendum
1885 538 1971 589 est
2017 534 2189 589 etiam
2229 534 2298 589 de
2340 535 2453 590 alio
2500 538 2595 606 qui
2648 540 2772 593 erat

1598 619 1725 659 cum
1755 620 1844 671 eo,
1868 604 2004 674 quia
2020 605 2190 660 ambo
2207 605 2461 662 volentes
2481 606 2768 663 Christum

1596 676 1754 744 sequi
1796 676 1867 731 ad
1924 691 2054 731 suos
2103 675 2256 732 missi
2311 683 2464 747 sunt,
2505 682 2563 733 et
2599 679 2768 735 ambo

1598 745 1839 801 salutem
1876 744 1979 801 sibi
2015 746 2220 803 saetam
2258 754 2316 803 et
2341 750 2627 821 magnalia
2664 750 2770 805 Dei

1601 817 2089 887 praedicaverunt3
2124 819 2231 874 hoc
2260 834 2483 891 quoque
2510 821 2767 892 exemplo

1601 889 1837 943 docetur
1869 904 2212 958 quemquam
2249 906 2349 946 suo
2391 893 2642 962 proximo
2672 908 2762 948 sa-

1596 956 1772 1013 lutem
1822 959 1928 1014 sibi
1978 958 2182 1015 factam
2237 962 2566 1031 praedicare,
2622 969 2680 1020 et
2731 978 2768 1021 a

1603 1029 1830 1086 diabolo
1869 1046 1929 1085 se
1968 1030 2274 1087 liberatum
2313 1050 2437 1089 esse
2481 1033 2670 1091 verbis
2709 1040 2768 1092 et

1598 1101 1860 1171 operibus
1887 1100 2052 1157 bonis
2093 1103 2509 1175 demonstrare,
2544 1112 2600 1161 et
2627 1106 2769 1163 alios

1598 1171 1671 1227 ad
1726 1172 1984 1227 eamdem
2036 1174 2277 1229 salutem
2341 1175 2764 1246 percipiendam

1598 1258 1820 1299 vocare.
1863 1244 2203 1301 Studeamus
2252 1261 2409 1316 ergo,
2443 1252 2500 1300 et
2550 1261 2675 1310 nos,
2723 1249 2771 1304 si

1600 1314 1853 1368 nondum
1908 1314 2132 1369 liberati
2191 1331 2385 1370 sumus
2440 1332 2472 1370 a
2518 1316 2765 1386 diabolo,

1546 1440 1555 1447 ,
1601 1383 1855 1451 liberari,
1888 1390 1945 1439 et
1969 1384 2016 1438 si
2049 1385 2168 1454 jam
2198 1400 2300 1440 nos
2342 1385 2613 1443 liberatos
2649 1403 2769 1444 esse

1600 1454 2014 1525 cognoscimu8‚
2077 1455 2315 1511 salutem
2377 1456 2501 1512 aliis
2559 1458 2768 1529 praedi·

1603 1541 1814 1595 cemus,
1849 1540 2022 1596 quam
2060 1540 2162 1580 nos
2199 1527 2510 1584 obtinuisse
2554 1530 2768 1600 gaude·

1604 1613 1745 1665 muS,
1798 1612 2080 1652 memores
2124 1599 2276 1668 quod
2316 1600 2588 1669 scriptum
2642 1603 2766 1654 est:

1601 1669 1708 1735 Qui
1754 1668 1936 1737 audit,
1984 1668 2137 1724 dicat
2167 1688 2184 1723 ε
2241 1671 2397 1727 Veni.
2454 1669 2564 1725 Sed
2608 1669 2773 1724 multi

1600 1739 1707 1794 hoc
1759 1739 2075 1809 exemplum
2123 1739 2357 1796 minime
2403 1747 2768 1811 sequuntur;

1603 1815 1660 1864 et
1696 1812 1765 1865 de
1804 1810 1892 1865 his
1929 1826 2058 1880 quae
2096 1810 2171 1866 ad
2201 1827 2439 1881 corpora
2479 1814 2768 1883 pertinent

1604 1880 1755 1936 circa
1778 1881 1988 1936 amicos
2020 1898 2150 1938 suos
2178 1882 2404 1937 solliciti
2435 1890 2566 1939 sunt
2594 1890 2652 1939 et
2677 1884 2772 1939 in·

1603 1951 1836 2022 quirunt
1863 1972 1881 2019 ς
1914 1953 2012 2006 sed
2042 1952 2110 2008 de
2150 1954 2238 2008 his
2276 1968 2403 2024 quae
2432 1955 2502 2008 ad
2530 1955 2770 2010 salutem

1602 2022 1920 2078 animarum
1980 2022 2265 2091 pertinent
2333 2024 2770 2095 sollicitudinem

1602 2093 1816 2148 nullam
1841 2098 2067 2165 gerunt.

1420 2296 1677 2355 ORATIO

414 2475 655 2532 Domine
702 2472 840 2533 Jesu
887 2475 1126 2548 Christe,
1161 2482 1381 2534 amator
1409 2477 1707 2534 bominum
1753 2480 2177 2553 benignissime,
2210 2480 2462 2551 supplico
2490 2479 2773 2552 lacryma-

342 2546 541 2604 biliter
584 2547 827 2602 bonitati
863 2552 1000 2618 tuae,
1028 2549 1209 2605 libera
1243 2565 1335 2605 me
1363 2549 1435 2605 ab
1468 2549 1730 2605 omnibus
1759 2559 2118 2624 peccatorum
2152 2552 2430 2619 sordibus,
2463 2556 2517 2605 et
2561 2552 2773 2608 daemo-

332 2633 477 2674 num
513 2616 988 2698 infestationibu5‚
1019 2636 1222 2691 meque
1264 2620 1336 2676 ab
1369 2621 1450 2675 eis
1481 2621 1785 2678 liberatum
1812 2640 1984 2695 usque
2031 2624 2089 2677 in
2121 2622 2291 2678 finem
2333 2621 2776 2679 misericorditer

334 2689 563 2745 custodi
612 2689 875 2761 lllaesum,
930 2695 991 2745 ut
1037 2692 1107 2747 ad
1163 2698 1319 2745 tuam
1369 2692 1612 2762 gloriam
1659 2699 1716 2748 et
1764 2697 2150 2765 proximorum
2205 2694 2507 2750 utilitatem
2556 2692 2774 2749 valeam

332 2760 524 2815 verbis
550 2774 810 2830 narrare,
858 2767 915 2815 et
963 2761 1230 2832 operibus
1282 2762 1694 2833 demonstrare,
1733 2772 1946 2835 quanta
1993 2765 2277 2836 magnalia
2324 2763 2522 2820 feceris
2570 2765 2778 2818 animoe

336 2846 483 2886 meae
512 2846 613 2900 per
638 2836 798 2885 tuam
835 2833 1077 2902 gratiam
1107 2833 1385 2901 liberatae,
1412 2838 1695 2903 quatenus
1712 2839 2111 2906 cognoscentes
2140 2835 2333 2902 ceteri,
2368 2836 2504 2902 quia
2531 2835 2640 2887 haec
2665 2848 2783 2887 mu·

331 2904 485 2957 tatio
509 2901 748 2956 deaeterae
773 2903 1015 2971 Est-celsi,
1041 2918 1240 2959 omnes
1271 2919 1399 2959 meo
1425 2905 1681 2973 exemplo
1712 2909 2109 2976 provocentur,
2157 2910 2234 2974 et,
2263 2910 2317 2959 te
2345 2902 2672 2972 miserante,
2705 2902 2778 2957 ad

332 2972 575 3028 meliora
608 2979 1039 3031 convertantur.
1069 2975 1265 3030 Amen.

1255 3303 1529 3377 CAPUT
1592 3304 1855 3376 XLVIII

774 3544 850 3590 DE
898 3544 1231 3593 cumnorm
1277 3543 1630 3590 PARALYTIGI
1667 3544 1777 3589 PER
1816 3542 2058 3589 mcum
2097 3541 2341 3590 mmssl.
2388 3589 2392 3594 .

1034 3729 1283 3787 Matthaei
1311 3746 1434 3803 cap.
1470 3731 1541 3787 IX
1575 3734 1633 3788 et
1656 3731 1821 3788 Lucae
1849 3746 1972 3802 cap.
2004 3731 2071 3785 V.

412 3956 432 3990 1
477 3935 597 3991 Cun
638 3935 1008 3991 Gummi-uun
1047 3952 1251 3991 c1v1us
1310 3936 1512 3990 Donum
1620 3930 1943 3996 transierat,
1976 3927 2075 3998 qui
2106 3930 2328 3996 poterat
2348 3923 2489 3994 pede
2508 3927 2789 3992 pertrans·

333 4021 495 4061 meu
540 4007 778 4061 runnu?
821 4035 875 4045 -—
930 4009 1004 4061 Et
1051 4011 1188 4061 tunc
1240 4007 1512 4061 Dominus

334 4077 495 4133 Jesus
532 4077 830 4132 ascendens
861 4080 923 4132 in
967 4078 1303 4145 naviculam,
1344 4083 1406 4131 ut
1442 4078 1511 4131 de

334 4153 497 4203 terra
532 4147 950 4203 Gerasenorum
999 4147 1216 4203 rediret
1266 4148 1324 4202 in
1366 4146 1512 4202 Gali-

334 4217 525 4286 laeam,
565 4218 713 4272 unde
752 4217 885 4273 illuc
924 4219 1124 4289 iverat,
1174 4219 1511 4285 transfreta-

332 4291 437 4347 vit.
460 4287 787 4345 Secundum
804 4286 1511 4394 chrysostomummavigio

1623 4003 1706 4056 ire
1740 4014 1894 4068 ;non
1923 4012 2146 4066 semper
2174 3997 2326 4051 enim
2381 3995 2559 4049 voluit
2585 3998 2788 4063 poten-

1621 4073 1759 4128 tiam
1817 4067 2117 4124 ostendere
2168 4068 2227 4122 in
2279 4063 2655 4128 mirabilibus,
2717 4080 2790 4122 ne

1625 4139 2037 4199 Incarnationis
2084 4145 2318 4195 noceret
2371 4135 2660 4208 mysterio,
2717 4137 2791 4193 At

1624 4220 1844 4281 contra,
1862 4211 2129 4282 ‚homines
2150 4210 2316 4281 hujtis
2331 4208 2529 4263 mundi
2544 4209 2589 4264 si
2617 4207 2789 4266 ullam

1624 4286 1839 4343 habent
1877 4283 2210 4356 potentiam,
2239 4295 2462 4353 semper
2499 4281 2695 4336 volunt
2722 4293 2792 4336 ea
