3146 5023
1217 436 1293 488 m·
1346 437 1787 513 Numsnonuu.
1845 455 1849 458 <
2638 435 2730 489 345

612 636 838 693 CAPUT
867 638 953 695 LI.
981 670 1050 680 —
1076 616 1155 695 De
1174 627 1431 698 missione
1454 640 1843 713 Apostolorum
1872 641 1948 699 ad
1970 640 2388 715 praedicandum

1097 727 1217 768 cum
1242 716 1515 784 potestate
1532 717 1899 771 curationum.

312 912 333 948 1
371 893 603 950 vexatio
631 895 822 967 gregis
849 901 937 954 est
961 914 1111 971 saepe
1140 899 1260 956 cul·
1581 905 1613 957 8
1642 900 1792 959 Nihil
1858 902 2112 982 serentes
2168 899 2229 955 in
2282 898 2406 984 via,
2432 902 2536 983 ‘ab

340 978 414 1034 pa
439 969 753 1036 pastorum.
1365 975 1432 1044 57
1618 971 1775 1029 omni
1815 972 2219 1041 temporahum
2266 971 2540 1029 sollicitu-

307 1053 334 1089 α
368 1035 567 1092 Messis
639 1037 818 1094 multa
871 1042 928 1094 et
1010 1040 1256 1110 operarii
1617 1043 1751 1099 dine
1778 1043 2122 1123 liberantium·
2295 1111 2308 1125 ·
2646 1050 2717 1114 40

334 1106 523 1176 pauci,
563 1108 698 1179 quid
743 1107 804 1164 in
833 1125 1007 1165 sensu
1042 1110 1258 1182 allego·
1580 1135 1613 1187 9
1650 1113 1843 1171 Victus
1871 1129 1907 1169 a
1946 1112 2423 1184 praedicatoribus
2452 1129 2540 1171 ac-

336 1175 454 1232 rico
482 1177 861 1248 significent?
1363 1188 1430 1256 57
1614 1183 1724 1257 cipi
1793 1189 1959 1241 otest.
2317 1253 2331 1266 ·
2472 1255 2485 1267 ⁶
2641 1193 2706 1254 4ι

297 1249 331 1300 5
359 1246 484 1303 Bini
522 1249 596 1305 ad
647 1248 1084 1320 praedicandum
1129 1251 1257 1308 mit·
1548 1277 1613 1312 ιο
1632 1254 1737 1324 Qui
1805 1254 2014 1312 tunicae
2041 1254 2168 1311 duae
2196 1258 2255 1312 et
2279 1271 2440 1326 virga
2469 1272 2529 1312 1n

332 1320 528 1374 tuntur
556 1319 834 1391 Apostoli.
1361 1328 1430 1379 58
1611 1343 1785 1383 sensu
1814 1326 2204 1400 metaphorico
2229 1325 2285 1408 ‘l-
2645 1333 2711 1396 42

295 1391 331 1454 4
355 1389 642 1446 Docentur
692 1405 805 1462 quo
861 1406 1101 1464 pergere
1152 1393 1250 1452 de·
1544 1419 1603 1456 ιι
1635 1397 1943 1454 Festinatio
1999 1397 2071 1454 ad
2110 1397 2534 1471 praedicandum

331 1458 524 1517 beant.
1146 1500 1152 1506 -
1361 1471 1429 1521 58
1609 1468 1954 1526 necessaria.
2646 1476 2713 1539 42

294 1532 325 1583 5
353 1531 514 1600 Item,
568 1530 706 1603 quid
754 1534 1096 1592 annuntiare
1150 1534 1250 1591 de·
1542 1561 1604 1596 12
1632 1542 1848 1613 Hospes
1877 1557 1913 1596 a
1935 1538 2410 1612 praedicatoribus
2434 1541 2535 1598 eli-

329 1600 528 1659 beant.
1357 1614 1426 1682 59
1607 1612 1849 1682 gendus,
1869 1627 1977 1668 nec
2003 1611 2169 1669 facile
2198 1613 2527 1671 mutandus,
2640 1618 2708 1682 45

291 1674 324 1724 6
355 1673 634 1730 Potestas·
659 1673 935 1732 miracula
982 1677 1247 1749 patrandi
1540 1686 1603 1739 ιδ
1636 1681 1800 1739 Pacis
1882 1682 2097 1755 optatio
2164 1683 2530 1755 pulverisque

324 1743 610 1814 Apostolis
635 1760 924 1803 concessa.
1355 1755 1425 1823 59
1605 1751 1861 1810 excussio
1888 1752 2025 1825 quid
2054 1752 2424 1825 significent?
2639 1759 2708 1822 45

286 1832 320 1884 7
351 1814 539 1871 Gratis
616 1815 756 1873 dare
834 1816 1044 1875 debent
1094 1820 1245 1892 quod
1538 1828 1601 1891 ι4
1632 1823 1890 1890 Gravitas
1926 1824 2143 1906 peccati
2196 1825 2530 1898 praedicato·

324 1885 502 1955 gratis
528 1893 893 1960 acceperunt.
994 1934 997 1937 ,
1356 1898 1423 1960 4ο
1601 1910 1723 1951 rem
1748 1894 2196 1968 repudlantium.
2253 1968 2257 1975 ι
2637 1902 2704 1964 44

719 2111 946 2171 CAPUT
970 2114 1081 2171 LII.
1112 2145 1182 2158 —
1210 2119 1287 2173 De
1307 2119 1585 2190 patientia
1608 2120 1669 2174 in
1691 2117 1940 2175 adversis
1967 2119 2239 2175 habenda.

287 2313 307 2348 1
339 2293 623 2352 Patientia
650 2298 1012 2369 praedicatori
1044 2317 1237 2360 neces·
1562 2330 1594 2379 7
1613 2306 1918 2364 Praemium
1933 2290 2429 2380 perseuerantibus
2441 2319 2523 2361 re·

315 2363 488 2435 saria,
510 2367 605 2439 qui
638 2368 793 2426 velut
828 2371 1124 2431 ovisinter
1152 2374 1241 2431 lu-
1596 2378 1963 2450 promissum.
2481 2445 2495 2459 ,
2636 2382 2704 2431 50

313 2450 418 2506 pos
446 2437 713 2495 mittitur.
1346 2452 1412 2516 45
1560 2454 1593 2505 8
1621 2449 1941 2524 Aliquando
1971 2450 2105 2524 fuga
2127 2447 2521 2524 praedicatorl-

279 2524 306 2558 ει
341 2507 649 2590 Prudentia
675 2509 979 2592 serpentis,
1020 2530 1056 2569 a
1082 2530 1232 2587 prae·
1593 2522 1700 2579 bus
1758 2523 2109 2594 permittitur
2132 2564 2148 2592 ,
2208 2519 2520 2594 aliquando

313 2577 944 2652 dicatore‚s1mplicitati
961 2584 1235 2643 columbae
1593 2608 1728 2649 non.
2630 2592 2701 2648 5⁰

316 2648 702 2720 adjungenda.
908 2722 921 2734 ⁸
1127 2724 1140 2736 ·
1343 2663 1412 2725 46
1557 2686 1590 2736 9
1617 2661 1877 2719 Christus
1904 2661 2207 2733 Apostolos
2239 2662 2313 2718 ad
2336 2660 2521 2717 tribu-

278 2721 310 2772 5
339 2720 665 2777 Cavendum
716 2736 751 2778 a
788 2723 953 2780 malis
986 2724 1234 2783 hommi-
1592 2732 1836 2789 lationes
1862 2735 1921 2788 et
1944 2732 2396 2804 vituperationes
2426 2735 2515 2787 to-

310 2791 435 2847 buS.
1343 2804 1411 2872 47
1593 2804 1860 2860 lerandas
1922 2803 2181 2875 exemplo
2249 2802 2517 2877 suiipsius

277 2865 309 2927 4
340 2860 601 2919 Christus
651 2863 939 2935 Apostolis
1017 2866 1235 2925 futuras
1592 2875 1878 2933 hortatur.
2628 2879 2693 2931 52

310 2932 740 3002 persecutiones
766 2935 1046 3006 praedicit.
1343 2944 1413 3007 48
1528 2965 1591 3001 ιο
1615 2948 1885 3003 Hortatur
1922 2945 2096 3002 etiam
2142 2961 2241 3003 eos
2272 2944 2346 3000 ad
2374 2944 2518 3002 tole-

232 3033 233 3036 =
277 3006 306 3057 5
335 3002 446 3058 Sed
474 3018 574 3059 eos
628 3020 747 3062 non
778 3022 906 3062 esse
956 3006 1234 3066 sollicitos
1593 3015 1838 3073 rantiam
1858 3032 1926 3071 ex
1952 3014 2410 3073 consideratione
2437 3015 2514 3071 di·

309 3072 588 3155 admonet·
638 3074 712 3131 de
762 3078 1235 3149 responsionibus
1591 3086 1710 3143 vini
1761 3086 1981 3159 judicii,
2023 3087 2119 3146 ubi
2177 3086 2511 3144 manifesta-

312 3146 446 3199 tunc
483 3144 779 3204 faciendis.
1342 3157 1413 3221 48
1591 3159 1805 3216 buntur
1837 3156 2051 3215 omnia.
2618 3162 2681 3225 54

275 3218 306 3268 6
331 3215 793 3275 persecutionem
943 3220 1233 3293 patientur
1526 3251 1545 3285 ι
1562 3251 1582 3285 ι
1620 3228 1856 3300 Pigritia
1874 3234 2072 3287 nostra
2089 3228 2292 3287 merito
2322 3243 2512 3301 repre-

307 3284 478 3342 etiam
499 3288 571 3345 ab
588 3288 783 3346 amicis
805 3295 862 3347 et
878 3292 1234 3364 parentibus,
1338 3303 1409 3370 49
1591 3300 1876 3357 henditur.
2618 3305 2684 3355 55

517 3527 741 3586 CAPUT
768 3531 906 3588 LIII.
940 3562 1008 3574 —
1033 3534 1112 3588 De
1140 3540 1310 3592 morte
1335 3553 1444 3594 non
1476 3540 1722 3597 timenda
1750 3544 1802 3596 et
1837 3541 2050 3600 Christo
2079 3542 2398 3612 confitendo.
2477 3589 2478 3592 ,

275 3739 291 3772 ι
327 3720 408 3776 De
454 3725 638 3804 morte
689 3726 946 3797 corporis
982 3734 1217 3803 propter
1565 3736 1722 3795 tione
1751 3740 1954 3797 suturae
1983 3739 2499 3800 resurrectionisin

300 3806 397 3846 sex
416 3796 680 3876 ‘ratlones
706 3811 821 3852 non
850 3797 1122 3859 timenda.
1326 3809 1392 3860 55
1565 3808 1683 3864 fine
1713 3812 1931 3868 mundi.
2609 3821 2676 3890 59

274 3880 300 3916 2
328 3864 529 3943 Prima
572 3869 741 3934 ratio,
791 3883 857 3924 ex
902 3871 1224 3930 considera·
1531 3881 1564 3932 6
1594 3879 1803 3946 Quinta
1843 3879 2012 3948 ratio,
2069 3899 2137 3940 ex
2178 3882 2502 3942 considera-

299 3936 455 3989 tione
479 3934 748 4018 humanae
780 3940 1149 4012 impotentiae.
1327 3951 1396 4002 56
1566 3950 1725 4007 tione
1780 3952 1963 4009 beatae
2050 3954 2450 4013 retributionis
2481 3999 2501 4022 ,

262 4006 292 4057 5
321 4004 779 4088 ‘Secunda-rano,
799 4026 865 4066 ex
894 4013 1218 4072 considera·
1569 4022 1792 4078 Christo
1857 4024 2171 4082 confitente
2218 4041 2318 4082 eos
2400 4027 2497 4099 qui

296 4078 454 4131 tione
475 4075 699 4157 ‘divmae
736 4083 1056 4157 potestatiS‚
1088 4101 1218 4158 quae
1569 4093 1758 4164 ipsum
1795 4094 2040 4152 confessi
2069 4096 2305 4155 fuerint.
2610 4104 2677 4154 60

298 4144 421 4201 sola
449 4148 704 4230 tlmenda
730 4155 837 4208 est.
1329 4163 1396 4231 57
1534 4184 1565 4233 7
1598 4165 1765 4220 Sexta
1810 4166 1979 4234 ratio,
2038 4183 2104 4224 ex
2159 4167 2494 4229 considera-

260 4220 293 4282 4
320 4218 510 4297 [I'ertia
566 4224 734 4301 ratio,
782 4238 849 4304 ex
891 4226 1217 4285 considera·
1568 4233 1727 4291 tione
1777 4235 1982 4292 futurae
2051 4238 2439 4297 damnationis
2471 4285 2488 4310 ‚

294 4291 449 4343 tione
480 4289 859 4350 Providentiae
890 4295 1119 4356 divinae.
1330 4305 1398 4358 58
1571 4304 1795 4362 Christo
1817 4311 2060 4379 negante
2076 4325 2175 4366 eos
2191 4310 2287 4382 qui
2306 4309 2492 4383 ipsum

269 4363 298 4412 5
329 4358 540 4427 Quarta
583 4364 753 4438 ratio,
785 4381 851 4428 ex
888 4359 1221 4430 consfflera.-
1570 4379 1926 4447 negaverint.
2605 4388 2673 4441 60
