3146 5023
347 417 434 469 114
1089 410 1310 462 PRIMAE
1371 412 1622 466 PARTIS
1677 414 1887 465 CAPUT
1942 414 2063 465 LXI

326 524 509 590 .dunt,
540 536 654 577 non
678 518 922 587 nobiles,
954 532 1073 572 non
1099 515 1394 584 dominos;
1428 518 1548 574 sed*
1634 520 1812 587 tabat,
1841 523 1903 574 tu
1940 535 2074 574 vero
2116 536 2147 577 e
2185 498 2461 577 converso
2498 521 2688 593 ipsum
2726 525 2814 580 in-

343 593 535 665 potius
557 590 851 663 garsiones
872 593 929 643 et
954 602 1172 641 servos
1195 588 1528 659 Exemplum

346 665 417 721 de
433 664 701 733 Diogene,
719 660 790 714 de
811 672 922 738 quo
940 656 1169 726 legitur,
1194 658 1349 739 quod
1376 674 1527 728 cum,

346 735 590 806 quadam
630 730 773 795 vice,
803 734 1026 784 rat1one
1065 744 1184 783 suae
1219 730 1528 786 eminentis

344 802 594 862 scientiae
624 807 682 857 et
719 816 781 855 sa
822 798 1017 855 ientiae
1048 800 1366 869 Imperator
1395 816 1529 858 eum

347 875 617 940 visitaret,
673 870 778 926 Phi
805 871 1060 941 osophus
1117 869 1170 925 ei
1224 886 1530 941 assurgere

349 944 548 1001 noluit.
600 942 762 1010 Quod
806 941 1011 997 videns
1055 943 1374 1012 Imperator
1411 942 1527 1000 ira-

344 1014 552 1071 cundia
600 1019 788 1069 motus
825 1011 1177 1080 retrocessit,
1218 1019 1527 1070 venerunt-

344 1103 455 1157 que
498 1084 646 1141 servi
676 1085 824 1155 ejuS,
847 1088 906 1139 et
938 1083 1205 1139 dixerunt
1240 1084 1313 1139 ad
1344 1101 1476 1142 eum
1510 1102 1524 1141 :

343 1155 603 1225 Domine,
631 1171 810 1227 quare
832 1154 912 1211 sic
933 1170 1102 1226 agere
1129 1153 1378 1212 voluisti.
1404 1159 1448 1213 N
1455 1173 1528 1213 on

345 1227 633 1284 modicum
686 1232 743 1282 te
801 1228 1118 1297 Imperator
1180 1227 1528 1295 honorabat,

347 1298 480 1370 quia
504 1303 564 1356 te
592 1314 906 1371 pauperem
932 1297 1063 1354 talis
1088 1312 1157 1353 ac
1181 1302 1371 1354 tantus
1398 1297 1528 1361 visi-

1631 589 1947 657 honorasti,
1984 591 2119 660 quia
2147 590 2200 646 ei
2230 607 2529 665 assurgere
2560 595 2811 651 noluisti.

1633 659 1854 727 Quibus
1893 661 2189 732 respondit
2222 680 2238 718 ε
2276 665 2399 719 Non
2431 662 2594 720 decet
2627 665 2815 736 digni·
2858 686 2867 695 ·

1632 736 1810 788 tatem
1851 747 2060 800 meam,
2103 738 2166 788 ut
2198 749 2362 790 servo
2400 734 2549 790 servi
2581 735 2692 792 mei
2722 753 2815 793 re·

1632 801 1948 859 verentiam
2001 802 2230 860 faciam.
2280 804 2464 862 Ser-vit
2506 805 2613 862 iste
2649 823 2813 863 servo

1632 888 1783 941 me0,
1818 872 2035 930 scilicet
2063 875 2297 945 mundo,
2325 876 2425 947 qui
2451 876 2589 933 mihi
2619 877 2825 955 servit„

1635 960 1701 1000 eo
1738 944 1892 1001 enim
1935 944 2119 1002 factus
2156 951 2264 1015 est,
2300 952 2363 1003 ut
2394 947 2532 1004 mihi
2574 948 2814 1015 serviat3

1633 1030 1747 1072 non
1777 1014 1956 1086 igitur
1982 1016 2173 1073 decuit
2200 1033 2294 1073 me
2322 1017 2545 1090 signum
2575 1020 2815 1091 alicujus

1634 1086 1973 1143 reverentiae
2006 1086 2112 1145 sibi
2139 1088 2427 1145 exhibere.
2459 1092 2612 1146 Bene
2641 1090 2818 1147 domi-

1635 1159 1884 1215 nabatur
1932 1158 2041 1215 iste
2097 1160 2310 1215 mundo
2363 1164 2418 1216 et
2468 1159 2815 1231 imperabat3

1637 1228 1782 1285 bene
1815 1235 2038 1285 naturae
2073 1246 2192 1286 sure
2222 1230 2559 1302 dignitatem
2587 1237 2645 1288 et
2671 1248 2816 1303 prae-

1637 1298 1947 1357 sidentiam
1979 1302 2343 1358 observabat.

1473 1506 1731 1559 oRATlO

418 1673 460 1729 Ο
493 1674 627 1728 Jesu
659 1672 826 1736 hone,
859 1684 991 1738 spes
1023 1666 1444 1736 pcenitentium,
1478 1667 1573 1734 qui
1606 1667 1801 1722 Mariae
1830 1669 2133 1747 peccatrici
2160 1671 2238 1725 ad
2275 1675 2404 1726 tuos
2432 1671 2610 1741 pedes
2641 1666 2817 1726 stanti

348 1748 405 1799 et
435 1757 535 1798 eos
574 1740 840 1811 lacrymis
873 1735 1103 1807 riganti,
1150 1733 1368 1804 capillis
1411 1736 1680 1817 tergenti,
1717 1736 1883 1791 labiis
1939 1739 2239 1806 osculanti,
2295 1739 2525 1809 pietatis
2586 1740 2815 1809 signum

348 1812 610 1884 aperiens
633 1815 1008 1886 peccatorum.
1028 1803 1253 1860 veniam
1280 1803 1552 1874 tribuisti,
1582 1822 1654 1863 ne
1692 1805 1995 1876 despicIas,
2027 1810 2159 1864 Jesu
2194 1808 2542 1876 miseric01‘S,
2568 1825 2659 1866 me
2684 1825 2817 1890 poc·

348 1888 598 1938 catorem
645 1879 718 1933 ad
748 1878 1062 1932 clementioe
1099 1878 1214 1931 tuae
1244 1877 1487 1948 vestigia
1515 1876 1902 1949 provolutum,
1962 1878 2248 1950 rigantem
2300 1879 2565 1952 lacrymis
2593 1879 2810 1937 intimae

347 1947 816 2021 compunctionis,
851 1946 1201 2002 osculantem
1237 1946 1402 2004 labiis
1446 1947 1669 2004 devotae
1697 1947 1995 2016 orationiS,
2045 1954 2103 2006 et
2131 1950 2219 2006 fac
2263 1967 2354 2007 me
2384 1950 2584 2007 audire
2614 1967 2811 2008 vocem

346 2030 502 2078 tuam
532 2019 742 2092 pietate
782 2022 838 2075 et
877 2017 1197 2098 clementia,
1232 2017 1515 2076 suavitate
1548 2024 1605 2076 et
1655 2018 2048 2076 misericordia
2099 2021 2349 2093 plenam,
2402 2036 2577 2093 quam
2616 2020 2813 2079 audire

345 2091 556 2149 meruit
585 2096 643 2148 et
670 2091 815 2162 ipsa,
857 2096 918 2145 ut
944 2088 1304 2145 dimittantur
1340 2089 1479 2145 mihi
1508 2096 1743 2162 peccata
1775 2106 1904 2148 mea
1931 2092 2109 2148 multa
2132 2108 2237 2164 per
2272 2097 2430 2149 tuam
2462 2093 2708 2164 gratiam
2756 2101 2812 2150 et

354 2163 534 2237 ipsius
563 2165 787 2220 merita.
821 2163 1022 2217 Amen.

1393 2481 1669 2554 CAPUT
1708 2485 1847 2555 LX}

725 2692 801 2734 DE
838 2690 1180 2736 MINISTERIO
1215 2692 1475 2737 MARTHAE
1510 2695 1585 2737 ET
1621 2694 1763 2739 OTIO
1796 2697 1996 2747 MARIAE
2031 2697 2428 2743 MAGDALENAE.

1378 2853 1559 2909 Lucas.
1599 2869 1721 2924 cap.
1754 2856 1820 2909 X.

428 3075 451 3112 ι
492 3056 656 3112 Jesus
694 3053 1014 3108 Bit-summi
1056 3063 1347 3103 manasses
1391 3064 1531 3104 uun

354 3129 625 3182 MARTRAM
671 3140 736 3179 m·
771 3123 995 3177 Mamm
1031 3136 1300 3175 mvanrrr.
1351 3148 1420 3160 —
1465 3120 1533 3175 Et

352 3199 482 3266 post
508 3196 653 3262 haec,
685 3190 933 3263 quadam
962 3188 1102 3258 vice,
1150 3190 1385 3245 intravit
1413 3191 1532 3260 ipse

350 3268 378 3320 J
388 3280 514 3321 esus
547 3267 608 3318 in
662 3262 944 3332 quoddam
972 3262 1276 3327 castellum,
1320 3258 1536 3318 scilicet

352 3332 708 3402 Bethaniam,
742 3347 870 3403 quae
901 3331 1310 3403 interpretatur
1342 3332 1534 3388 domus

351 3406 690 3471 obedientiae,
750 3418 850 3473 per
899 3402 1050 3472 quod
1108 3401 1397 3472 signatum
1448 3407 1536 3459 est

352 3476 503 3550 quod
530 3474 776 3532 libenter
806 3472 983 3529 intrat
1000 3472 1272 3530 Dominus
1301 3474 1534 3530 domum

353 3544 736 3615 conscientias,
774 3545 872 3602 ubi
899 3543 952 3600 ei
990 3543 1253 3600 obeditur
1307 3545 1529 3602 devote.

351 3623 420 3678 Et
435 3620 586 3677 venit
611 3617 688 3674 ad
715 3616 946 3673 domum
971 3615 1206 3672 Marthae
1228 3620 1285 3672 et
1308 3614 1529 3685 Mariae3

352 3692 427 3750 ad
463 3692 624 3749 illam
652 3687 807 3746 enim
835 3687 1070 3745 domum
1095 3687 1423 3758 frequenter
1453 3686 1535 3743 di-

350 3764 629 3831 vertebat,
675 3763 734 3818 et
770 3774 989 3828 secure,
1027 3764 1263 3831 propter
1313 3757 1532 3829 specia-

351 3835 467 3893 lem
493 3833 574 3892 ibi
601 3831 987 3891 habitantium
1006 3828 1319 3886 amicitiam
1347 3833 1406 3886 et
1433 3829 1533 3886 de-

347 3906 658 3963 votionem.
690 3903 801 3961 Sed
822 3901 1059 3958 Marthae
1078 3900 1286 3957 domus
1311 3900 1406 3957 hic
1434 3914 1534 3973 ap-

345 3978 612 4051 pellatur,
641 3989 771 4033 cum
794 3972 1037 4031 dicitur:
1069 3974 1135 4030 Et
1159 3973 1358 4028 mulier
1386 3987 1533 4043 quar-

347 4052 501 4115 dam,
532 4049 761 4106 Martha
783 4048 1024 4115 nomine,
1054 4046 1269 4126 excepit
1287 4044 1450 4099 illum
1470 4044 1532 4099 in

350 4122 570 4177 domum
606 4134 788 4181 suam,
845 4115 982 4189 quia
1030 4131 1219 4187 major
1254 4118 1400 4172 natu
1430 4119 1553 4172 erat

346 4198 402 4247 et
434 4206 629 4248 curam
656 4189 861 4248 domus
893 4187 1167 4244 habebat.
1198 4187 1274 4244 At
1303 4186 1418 4243 illae
1455 4201 1549 4243 so-

346 4277 508 4318 rores
544 4267 665 4318 toto
717 4259 928 4318 affectu
981 4260 1178 4315 Jesum
1215 4257 1541 4331 diligentes,

345 4335 669 4391 reverenter
695 4335 753 4386 et
786 4328 1055 4386 alacriter
1103 4344 1240 4386 eum
1266 4345 1538 4402 suscepe-

1645 3054 1803 3119 runt,
1842 3049 1912 3106 de
1942 3048 2086 3107 tanti
2113 3050 2354 3123 hospitis
2396 3052 2641 3111 adventu
2685 3069 2822 3124 gau-

1646 3120 1866 3179 dentes,
1903 3123 1971 3177 Et
2009 3123 2231 3178 Martha
2267 3122 2495 3193 quidem
2533 3139 2596 3180 se
2627 3123 2825 3180 incon-

1644 3190 1855 3248 tinenti
1885 3192 1957 3247 ad
1986 3191 2355 3248 refectionem
2391 3194 2631 3250 Domino
2661 3199 2717 3249 et
2747 3194 2826 3248 di-

1647 3262 1879 3335 scipulis
1911 3263 2032 3318 suis
2047 3263 2469 3334 procurandum
2496 3262 2737 3333 paravit,
2770 3269 2825 3318 et

1643 3332 1711 3390 in
1738 3330 2055 3389 ministerio
2085 3331 2386 3399 laboravit,
2414 3337 2478 3389 ut
2508 3330 2590 3389 eis
2623 3348 2830 3389 conve-

1645 3402 1871 3460 nienter
1918 3400 2247 3476 provideret
2287 3419 2300 3458 τ
2360 3404 2589 3459 Martha
2642 3409 2823 3459 autem

1646 3474 1934 3541 satagebat
1973 3474 2120 3528 circa
2146 3475 2405 3543 frequens
2433 3476 2820 3529 ministerium.

1646 3543 1831 3603 Maria
1849 3559 1995 3624 vero·
2003 3541 2075 3599 ad
2089 3543 2263 3615 pedes
2282 3543 2507 3602 Domini
2532 3560 2593 3602 se
2612 3544 2823 3617 posuit,

1645 3620 1709 3672 ut
1738 3613 2116 3684 diligentiam,
2171 3613 2583 3679 assiduitatem.
2639 3616 2818 3672 soler-

1645 3685 1785 3744 tiam
1821 3701 1960 3757 erga
1996 3684 2347 3745 auditionem
2379 3687 2726 3758 ostenderet,
2766 3694 2824 3743 et

1644 3757 1882 3814 multam
1910 3756 2289 3815 reverentiam
2318 3773 2488 3829 quam
2527 3759 2601 3816 ad
2629 3758 2822 3815 Domi-

1646 3845 1787 3886 num
1806 3829 2073 3886 habebat.
2096 3829 2203 3886 Illa
2220 3830 2408 3887 stabat
2425 3834 2488 3888 et
2507 3831 2822 3901 satagebat,

1643 3905 1711 3959 ut
1737 3904 1995 3974 pasceret
2012 3899 2318 3959 Dominum
2335 3903 2465 3960 cibo
2487 3901 2683 3973 utique
2702 3917 2824 3957 cor-

1642 3972 1828 4045 porali
1861 3990 1877 4042 ;
1905 3972 2030 4030 haec
2065 3972 2301 4030 sedebat
2346 3977 2405 4030 et
2447 3971 2744 4051 audiebat,
2764 3976 2825 4050 ut

1847 4049 1975 4102 etur
2005 4058 2042 4101 a
2074 4042 2318 4101 Domino
2357 4060 2461 4101 suo
2508 4042 2633 4100 cibo
2663 4056 2825 4112 sp1r1-

1639 4114 1801 4174 tuali.
1842 4116 1990 4173 Sane
2019 4120 2231 4188 quanto
2262 4113 2480 4195 ‚melior
2516 4117 2602 4196 est
2629 4110 2821 4191 anima
2903 4178 2909 4183 .

1638 4190 2092 4268 corpora-tanto
2127 4185 2348 4244 dulcior
2375 4188 2464 4242 est
2509 4184 2667 4240 cibus
2703 4197 2817 4252 spi-

1632 4258 1860 4387 ἱὲἓῗέἑῗ
1896 4274 1965 4384 ὲὲῒ
2005 4261 2207 4387 {iffi

2371 4270 2443 4313 m*
2465 4253 2707 4312 carnalis
2758 4254 2815 4307 in

2290 4326 2392 4384 icit
2423 4326 2772 4397 Aaou-winus
2795 4342 2808 4379 :
