3146 5023
812 346 891 397 DE
948 342 1173 396 MANCO
1228 344 1456 396 MANUM
1507 342 1770 396 ARIDAM
1823 345 2149 401 HABENTE.
2631 350 2724 403 207

248 454 528 526 ipsorum,
565 446 812 505 forsitan
849 447 986 517 quia
1024 460 1227 527 omnes
1268 444 1429 527 digni

252 526 483 581 fuerunt
532 519 851 577 curatione.
896 520 1059 573 Doct1
1099 533 1259 586 erg0,
1294 519 1430 573 visis

251 595 452 666 signis,
501 594 959 664 persequuntur3
1019 587 1256 656 indocti,
1306 588 1430 659 opi⁴

251 667 425 723 nione
455 665 578 736 ejus
603 660 781 729 ducti,
811 659 1056 716 amando
1089 665 1428 729 sequuntur,

244 741 306 794 et
332 737 462 793 ideo
493 732 686 791 curari
714 734 1028 787 merentur.
1064 731 1225 785 Unde
1246 733 1430 786 Remi-

246 812 378 877 9ius
436 827 453 861 :
529 827 575 857 α’
618 806 797 871 Quem
845 801 1120 857 Pharisaei
1173 800 1430 857 unanimi

244 877 483 935 consilio
531 877 771 948 perdere
810 876 1092 955 quaerunt,
1126 873 1295 928 turba
1342 875 1430 928 in-

242 950 418 1005 docta
472 945 732 1004 unanimi
790 943 1094 1000 dilectione
1151 942 1429 1014 sequitur,

247 1021 402 1076 unde
434 1035 564 1074 mox
604 1017 692 1074 sui
744 1014 1015 1072 desiderii
1060 1014 1432 1086 consequitur

247 1080 534 1147 effectum.
565 1089 623 1146 Si
653 1088 739 1145 vis
786 1091 843 1143 et
867 1093 932 1142 tu
966 1085 1178 1155 curari,
1241 1086 1289 1142 si
1344 1086 1429 1142 vis

247 1161 462 1231 sanari,
498 1161 546 1216 si
578 1159 671 1215 vis
692 1175 728 1214 a
770 1157 971 1214 mortis
997 1156 1252 1229 periculo
1285 1157 1427 1214 libe-

244 1231 389 1301 rari,
423 1247 664 1302 sequere
708 1234 773 1285 et
805 1228 1031 1286 imitare
1059 1230 1273 1297 Jesum,
1307 1229 1431 1300 ipse

245 1301 405 1360 enim
454 1302 744 1358 neminem
798 1299 1060 1371 repellit3
1109 1306 1167 1355 et
1204 1316 1425 1370 omnes,

241 1373 497 1446 quicum
520 1375 858 1443 sequuntur,
881 1374 1063 1426 sanat.
1085 1391 1116 1421 »
1147 1373 1255 1425 Per
1278 1371 1424 1427 Pha-

243 1444 470 1513 risaeoS‚
505 1443 602 1514 qui
631 1444 806 1498 divisi
827 1440 1297 1512 interpretantur,
1319 1441 1431 1497 dis-

244 1515 380 1584 coli,
407 1514 505 1585 qui
535 1511 924 1570 dissensiones
950 1511 1187 1581 faciunt,
1203 1512 1426 1582 signan-

242 1589 371 1654 tur;
423 1602 529 1657 per
581 1582 936 1647 Herodianos
984 1600 1121 1640 vero
1174 1583 1425 1654 superbi,

242 1656 342 1728 qui
361 1659 592 1725 qloriosi
619 1659 679 1711 in
696 1656 937 1726 pellibus
953 1652 1419 1726 interpretantur.

243 1727 346 1784 Isti
403 1744 539 1783 vero
591 1725 893 1794 consilium
950 1725 1164 1782 faciunt
1224 1731 1426 1782 contra

236 1801 461 1866 Jesum,
496 1797 592 1869 qui
625 1814 754 1854 cum
785 1795 1098 1853 humilibus
1128 1801 1185 1853 et
1216 1796 1423 1853 carita-

240 1874 360 1925 tem
387 1869 728 1925 habentibus
762 1871 1148 1924 commoratur
1169 1885 1183 1936 ;
1207 1873 1265 1924 et
1293 1867 1422 1923 ideo

236 1939 462 1996 recedit
492 1942 563 1996 ab
594 1939 710 1995 illis
743 1955 805 1994 se
843 1940 972 1994 elon
1016 1939 1187 2005 ando,
1220 1943 1277 1995 et
1317 1940 1425 1994 hu-

239 2009 480 2066 milibus
518 2026 648 2073 eum
702 2007 959 2078 sequenti
1007 2025 1073 2063 us
1119 2009 1424 2073 benefacit,

238 2079 524 2139 beneficia
538 2079 746 2136 salutis
765 2079 1165 2150 impendendo.
1189 2083 1262 2135 Et
1282 2097 1426 2150 prae-

241 2155 390 2234 cepit
427 2154 526 2219 eis,
568 2151 664 2221 qui
706 2149 888 2206 curati
926 2150 1172 2219 fuerant,
1202 2166 1271 2205 ne
1306 2167 1427 2206 eum

243 2222 627 2293 divulgarent,
665 2225 723 2277 et
758 2223 1117 2289 manifestum
1153 2223 1425 2291 facerent,

238 2298 307 2351 ut
328 2293 557 2350 inanem
590 2293 834 2364 gloriam
856 2296 912 2348 et
939 2291 1225 2363 gloriandi
1257 2293 1327 2348 de
1367 2309 1428 2349 se

235 2364 576 2438 jactantiam
638 2363 972 2433 declinaret,
1029 2368 1087 2420 et
1138 2366 1204 2420 ut
1258 2362 1426 2420 nobis

240 2437 564 2505 exemplum
615 2434 837 2491 vitandi
871 2450 1001 2490 eam
1059 2434 1243 2491 daret.
1300 2436 1421 2491 Non

279 2505 534 2564 rohibuit
563 2505 838 2563 Dominus
864 2505 1269 2563 miraculorum
1281 2522 1427 2588 prae-

280 2577 575 2646 ‘cationeS,
612 2577 686 2634 ad
712 2577 1018 2633 utilitatem
1048 2577 1421 2648 audientium,

236 2650 340 2707 sed
376 2648 438 2705 in
465 2647 765 2705 beneficiis
803 2663 967 2704 vanae
1006 2648 1203 2721 gloriae
1242 2665 1425 2721 appe-

233 2720 424 2778 titum.
468 2720 626 2776 Unde
667 2721 995 2776 Ambrosius
1028 2737 1042 2775 1
1091 2742 1120 2771 «
1159 2718 1261 2776 Hic
1299 2736 1421 2792 my-

234 2792 378 2849 stice
404 2791 673 2847 instruxit
702 2807 830 2860 nos,
857 2808 953 2859 ne,
994 2807 1122 2847 cum
1151 2807 1423 2862 magnum

234 2861 455 2934 aliquid
484 2862 744 2930 facimuS,
777 2861 1008 2917 laudem
1032 2860 1171 2917 foris
1198 2878 1420 2933 quaera-

237 2949 391 2991 mus,
426 2951 456 2985 »
488 2932 652 2987 Unde
677 2936 734 2986 et
759 2933 1173 2998 chrysostomus
1198 2952 1215 2987 ε
1245 2954 1275 2984 «
1312 2933 1421 2990 Ubi

238 3002 475 3076 quidem
545 3005 781 3072 propter
835 3000 978 3058 alios
1053 3001 1151 3057 alii
1220 3019 1421 3059 curan-

234 3079 353 3144 tur,
398 3088 518 3130 non
553 3069 825 3144 praecepit
853 3070 958 3140 015,
989 3076 1052 3128 01
1079 3071 1295 3128 nemini
1338 3074 1421 3131 di-

238 3150 456 3214 cerent,
514 3144 686 3215 quale
740 3148 829 3200 est
881 3140 982 3199 ubi
1035 3144 1230 3199 oculos
1288 3144 1424 3201 caeci

235 3216 364 3274 nati
392 3214 641 3288 aperuit,
681 3218 738 3271 et
769 3214 1149 3286 paralyticum
1191 3214 1425 3286 triginta

238 3292 369 3345 octo
430 3292 486 3344 et
535 3287 701 3343 annis
738 3286 1029 3357 jacentem
1076 3286 1273 3342 erexit.
1318 3286 1425 3343 Ubi

237 3362 430 3415 autem
477 3374 593 3414 non
640 3363 877 3430 propter
923 3356 1090 3427 alios,
1133 3357 1233 3414 sed
1287 3373 1424 3429 pro·-

234 3433 366 3501 pter
391 3428 663 3486 meritum
695 3427 879 3501 ipsius
912 3433 1074 3485 curat
1104 3427 1422 3497 hominem,

278 3499 496 3573 raecipit
527 3499 602 3570 ei,
633 3504 699 3556 ut
725 3499 942 3556 nemini
978 3499 1151 3570 dicat,
1185 3498 1329 3557 sicut
1367 3506 1426 3557 et

261 3586 467 3642 eproso
520 3570 832 3627 mandavit.
880 3571 1013 3627 Ideo
1070 3576 1128 3627 et
1179 3570 1305 3628 istis
1350 3573 1424 3629 ab

230 3638 360 3712 ipso
415 3642 630 3696 sanatis
672 3640 964 3714 praecepit‚
998 3657 1072 3699 ne
1119 3642 1423 3714 vulgarent

232 3727 392 3782 eum,
416 3710 553 3782 quia
576 3715 811 3783 propter
835 3711 991 3784 ipsos
1013 3712 1165 3769 solos
1193 3730 1424 3770 curave-

232 3787 329 3840 rat
343 3798 475 3838 eos:
518 3781 652 3853 quia
685 3798 806 3839 non
847 3783 1286 3841 aestimationem
1322 3786 1422 3842 ho·

233 3854 458 3910 minum
496 3851 788 3909 miraculis
814 3856 1149 3926 venabatur,
1178 3855 1281 3913 sed
1305 3872 1422 3913 cre-

232 3923 501 3981 dentium
532 3922 899 3981 desiderabat
914 3925 1157 3984 salutem
1188 3947 1206 3983 .-
1243 3947 1272 3982 »
1294 3928 1420 3985 haec

231 3995 682 4065 chrysostomus.

300 4075 342 4138 '7
369 4068 592 4125 Fnavon
638 4084 826 4124 ’1111111111
853 4084 924 4126 An
952 4085 1268 4129 AunmNnmt
1312 4072 1417 4128 Dm

234 4152 477 4195 nanum.
537 4170 608 4179 —
653 4143 728 4196 Et
782 4142 1013 4196 veniunt
1061 4143 1138 4197 ad
1193 4144 1417 4199 domum

239 4209 549 4279 quamdam
578 4209 652 4268 ad
674 4210 1110 4283 hospitandum,
1142 4218 1195 4269 et
1221 4230 1415 4270 conve-

233 4282 329 4337 nit
353 4282 555 4340 iterum
597 4283 784 4355 turba,
816 4283 889 4342 ad
921 4283 1273 4350 audiendum
1310 4283 1414 4342 Dei

1542 446 1781 501 verbum
1806 463 1820 515 ;
1853 452 1910 502 01
1939 454 2072 505 tunc
2100 449 2182 506 ita
2209 451 2498 509 ferventer
2531 453 2717 511 inten-

1542 516 1755 573 debant
1786 518 2198 588 praedicationi,
2233 522 2383 592 quod
2412 523 2519 595 ipsi
2549 524 2717 582 disci·

1543 587 1659 658 puli
1705 589 1828 659 ejus
1870 605 1987 645 non
2030 592 2319 647 habebant
2345 600 2572 665 tempus
2609 612 2713 668 pa-

1541 674 1675 713 nem
1703 659 2106 716 manducandi.
2150 663 2266 718 Hoc
2297 670 2384 719 est
2415 672 2614 722 contra
2642 666 2713 724 il-

1541 729 1629 785 los
1658 729 1754 800 qui
1787 730 2078 787 dimittunt
2099 748 2241 803 opus
2265 735 2711 807 praedicationis,

1541 806 1776 872 propter
1813 818 2009 858 curam
2038 808 2095 859 et
2126 804 2483 860 saturitatem
2512 824 2713 864 come—

1544 870 1765 927 stionis,
1802 872 1906 929 Ubi
1957 875 2105 928 Beda
2148 892 2161 929 ε
2207 896 2236 926 «
2284 875 2327 931 Ο
2382 893 2551 947 quam
2582 878 2716 934 felix

1542 942 1842 1014 occupatio
1896 943 2203 1002 Salvatoris
2230 987 2245 1014 ,
2306 962 2478 1017 quam
2543 949 2716 1006 beata

1541 1014 1865 1083 frequentia
1925 1018 2110 1073 turbae
2188 1018 2554 1087 confluentiS,
2623 1019 2714 1078 cui

1540 1090 1766 1142 tantum
1795 1085 1968 1142 studii
2002 1086 2076 1142 ad
2099 1086 2444 1145 audiendum
2475 1092 2712 1150 verbum

1540 1156 1665 1224 Dei,
1693 1161 1915 1212 tantum
1940 1156 2047 1214 fuit
2067 1174 2218 1215 curae
2238 1158 2312 1214 ad
2342 1160 2713 1220 obtinendam

1540 1226 1806 1295 salutem,
1834 1232 1898 1283 ut
1951 1228 2184 1285 Auctori
2227 1229 2424 1287 salutis
2468 1248 2597 1288 cum
2624 1234 2716 1290 his

1541 1297 1637 1368 qui
1670 1314 1861 1354 secum
1897 1304 2062 1355 erant
2091 1317 2166 1357 ne
2191 1302 2455 1359 vescendi
2483 1304 2713 1373 quidem

1539 1370 1704 1437 hora,
1735 1385 1771 1425 a
1801 1369 2003 1426 solatio
2046 1370 2179 1427 vitae
2226 1372 2453 1430 miseris
2492 1373 2713 1446 impen-

1541 1440 1753 1521 dendo,
1805 1441 1988 1498 libera
2037 1445 2326 1500 maneret!
2379 1446 2625 1516 Utinam,
2677 1462 2711 1504 o

1540 1514 1783 1567 Domme
1831 1514 1985 1581 Jesu,
2021 1514 2165 1569 etin
2207 1516 2388 1571 nostri
2437 1516 2712 1587 tempori-

1539 1583 1649 1637 bus
1682 1582 1808 1651 aevi,
1832 1588 2054 1639 tantum
2076 1584 2276 1655 gratiae
2304 1586 2416 1642 tuis
2445 1588 2714 1646 fidelibus

1539 1652 1822 1723 largiaris,
1860 1670 1986 1724 quae
2020 1655 2284 1713 doctores
2313 1674 2446 1714 suos
2471 1659 2715 1715 assidui-

1536 1728 1654 1779 tate
1692 1723 1949 1780 discendi
1989 1742 2108 1781 non
2147 1727 2333 1784 solum
2379 1731 2451 1786 ab
2501 1730 2715 1801 appeti·

1534 1799 1597 1850 tu
1615 1795 1931 1851 carnalium
1945 1797 2323 1868 voluptatum,
2340 1801 2715 1857 verumetiam

1537 1881 1970 1936 nonnumquam
2014 1869 2085 1924 ab
2124 1868 2249 1940 ipsa
2286 1886 2510 1941 quoque
2548 1871 2713 1943 panis

1536 1935 1852 2007 quotidiani
1890 1939 2256 2009 perceptione
2296 1942 2635 2012 praepediatl
2680 1962 2709 1994 »

1537 2009 1660 2063 haec
1684 2010 1852 2064 Beda.
1878 2009 2081 2065 Subdit
2105 2015 2295 2066 autem
2326 2030 2338 2068 ε
2369 2017 2581 2069 Etcum
2601 2017 2711 2080 sui,

1536 2078 1752 2134 scilicet
1774 2081 1804 2135 J
1811 2079 1978 2148 udaei,
2007 2080 2103 2151 qui
2134 2097 2201 2136 ex
2223 2087 2386 2153 parte
2418 2083 2613 2139 Matris
2642 2085 2713 2141 de

1537 2149 1877 2219 cognatione
1917 2167 2020 2206 sua
2047 2156 2233 2220 erant,
2266 2152 2524 2209 viderent
2555 2155 2711 2211 inso-

1537 2219 1699 2275 litum
1750 2222 2032 2277 fervorem
2079 2221 2140 2278 in
2178 2238 2269 2292 eo,
2309 2227 2365 2279 et
2425 2226 2713 2282 audissent

1536 2291 1897 2348 altitudinem
1937 2291 2146 2349 divinae
2189 2293 2504 2365 sapientiae,
2537 2312 2712 2367 quam

1538 2377 1741 2434 capere
1762 2379 1877 2419 non
1896 2364 2185 2434 valebant,
2199 2364 2562 2423 aestimabant
2580 2383 2713 2424 eum

1538 2441 1728 2489 mente
1753 2434 2084 2505 alienatum,
2128 2441 2185 2493 et
2213 2436 2274 2492 in
2300 2437 2552 2494 furorem
2583 2455 2711 2496 ver·-

1537 2521 1664 2561 sum
1685 2522 1858 2562 sensu
1880 2506 2102 2577 perdito
2134 2506 2292 2580 loqui
2320 2526 2334 2577 ;
2366 2515 2423 2565 et
2451 2514 2710 2569 emierunt

1535 2581 1715 2631 tenere
1743 2593 1883 2646 eum,
1907 2582 1964 2632 et
1993 2576 2195 2647 ligare,
2220 2595 2294 2634 ne
2323 2579 2431 2636 51111
2461 2583 2550 2637 vel
2580 2581 2710 2639 aliis

1530 2651 1729 2717 posset
1752 2663 1981 2703 nocere.
2005 2648 2110 2704 Ubi
2128 2648 2281 2705 idem
2303 2651 2450 2705 Beda
2473 2668 2486 2706 ε
2509 2671 2538 2706 «
2562 2655 2710 2711 Vere

1536 2717 1686 2775 sicut
1710 2716 1833 2790 ipse
1856 2717 1994 2774 dicit
2019 2718 2157 2775 alibi
2186 2723 2345 2781 :Non
2370 2727 2449 2778 est
2466 2725 2709 2795 Prophe-

1535 2794 1595 2845 ta
1631 2792 1749 2845 sine
1777 2792 1997 2860 honore,
2027 2793 2145 2847 nisi
2166 2794 2239 2846 -z'n
2271 2796 2467 2863 patria
2495 2811 2615 2863 sua,
2659 2800 2713 2852 et

1534 2864 1596 2917 in
1616 2862 1773 2916 domo
1793 2877 1917 2918 sua.
1946 2862 2124 2928 Quem
2144 2861 2300 2918 enim
2323 2864 2519 2934 exteri,
2544 2864 2709 2936 quasi

1532 2933 1839 2988 Auctorem
1891 2930 2043 3001 vitae,
2088 2936 2145 2987 et
2202 2932 2539 3003 sapientiam
2583 2935 2709 3005 Dei,

1532 3003 1691 3059 adire
1713 3008 1771 3059 et
1797 3001 1995 3058 audire
2027 3001 2383 3072 desiderant3
2409 3005 2562 3060 hunc
2582 3021 2711 3076 pro-

1531 3072 1730 3146 pinqui
1773 3072 1971 3145 1115105,
2004 3073 2166 3144 quasi
2201 3076 2408 3131 mentis
2435 3075 2711 3148 impotem

1533 3161 1659 3201 esse
1696 3144 1989 3218 ligandum
2019 3145 2355 3203 decernunt.
2394 3146 2713 3218 Allegorice

1533 3223 1745 3285 autem,
1769 3218 1825 3272 in
1846 3233 1914 3273 eo
1935 3216 2088 3288 quod
2105 3217 2273 3274 turba
2291 3217 2365 3274 ad
2387 3217 2547 3275 illum
2572 3235 2709 3276 con-

1533 3286 1799 3343 veniente
1827 3287 2132 3360 frequenti,
2158 3292 2222 3344 ut
2241 3288 2513 3360 furiosuS,
2530 3307 2564 3347 a
2593 3290 2713 3348 suis

1535 3357 1937 3428 centemuitur,
2001 3360 2158 3416 salus
2226 3361 2579 3419 credentium
2641 3362 2712 3420 de

1534 3429 1809 3486 Gentibus
1843 3433 2226 3503 approbatur;
2267 3437 2325 3490 et
2361 3432 2580 3490 invidia
2607 3436 2710 3491 Ju-

1534 3500 1791 3557 daeorum
1823 3505 1880 3558 et
1916 3503 2161 3574 perfidia
2189 3508 2439 3573 notatur,
2468 3506 2538 3561 de
2574 3503 2705 3574 qui·

1531 3573 1640 3629 bus
1666 3571 1747 3628 ait
1772 3574 2023 3630 Joannes
2049 3592 2063 3630 ε
2094 3578 2160 3631 In
2178 3577 2416 3645 propria
2445 3577 2616 3636 venit,
2650 3580 2704 3631 et

1530 3646 1623 3699 sui
1651 3659 1772 3699 eum
1799 3660 1908 3701 non
1927 3649 2285 3727 receperunt:
2317 3663 2346 3698 11
2378 3644 2501 3700 haec
2514 3644 2664 3700 Beda
2689 3664 2707 3701 ε

1532 3712 1807 3770 Similiter
1832 3721 1890 3770 et
1916 3715 2108 3784 hod1e,
2130 3714 2229 3785 qui
2253 3715 2325 3772 ad
2351 3713 2707 3786 sequendum

1530 3784 1823 3841 Christum
1871 3788 2004 3839 sunt
2053 3784 2279 3855 fervidi,
2311 3801 2347 3842 a
2400 3783 2708 3844 mundanis

1528 3854 1859 3912 hominibus
1883 3853 2072 3911 insani
2115 3859 2479 3928 reputantur,
2509 3860 2564 3912 et
2602 3871 2707 3928 per

1530 3942 1631 3984 eos
1661 3928 1936 3996 quantum
1957 3933 2250 3998 possunta
2276 3927 2426 3982 bono
2455 3925 2706 3984 retinen-

1526 4003 1644 4054 tur.
1690 3996 1734 4053 Ο
1766 4001 2042 4067 quantum
2072 4011 2189 4053 una
2225 4012 2340 4052 non
2370 3996 2497 4054 dico
2538 4013 2703 4055 men-

1528 4084 1688 4139 sura,
1732 4067 1830 4124 sed
1873 4070 2036 4138 gutta
2082 4067 2251 4139 huJus
2295 4066 2414 4124 vini
2461 4069 2700 4141 valeret,

1529 4157 1656 4213 quae
1694 4140 1843 4196 hanc
1866 4136 2144 4196 insaniam
2182 4138 2514 4197 induceret!
2557 4140 2704 4198 Feli-

1529 4227 1645 4282 005,
1715 4211 1772 4267 01
1802 4210 1911 4266 hac
1944 4209 2207 4267 laborant
2235 4209 2498 4280 insania;
2542 4216 2607 4268 ut
2634 4212 2706 4271 de

1527 4282 1643 4341 illis
1719 4280 1793 4340 ici
1823 4280 2007 4356 possit
2036 4280 2180 4341 illud
2210 4281 2513 4356 Sapientiae
2541 4304 2559 4341 .·
2590 4287 2705 4347 Nos
