3146 5023
389 293 455 348 96
1043 360 1048 367 ο
1124 286 1345 340 PRIMAE
1399 287 1638 341 PARTIS
1694 286 1902 339 CAPUT
1959 286 2128 341 LVIII

390 396 707 471 piscatores
736 396 795 449 et
823 390 1022 449 rustici
1068 390 1409 447 invenerunt
1441 407 1578 462 quo-

396 466 537 524 tidie
564 469 877 522 tractantes
904 461 1050 519 retia
1070 461 1335 518 manibus
1365 461 1515 518 suis:
1545 482 1573 513 x>

392 540 519 596 haec
551 539 983 605 chrysostomus,
1003 536 1125 590 Non
1153 534 1377 589 laetatur
1393 532 1582 589 Domi-

393 626 525 677 nus,
549 607 686 680 quia
706 609 797 667 est
825 604 1177 677 sapientibus
1211 603 1580 675 occultatum,

401 681 504 738 sed
543 679 678 750 quia
733 675 1046 733 humilibus
1083 679 1171 731 est
1216 675 1528 731 revelatum
1563 692 1578 730 ε

400 753 511 809 hoc
539 749 692 806 enim
712 747 946 820 dignum
975 750 1063 803 est
1091 744 1308 814 laetitia,
1327 745 1467 802 illud
1489 762 1586 802 au-

399 827 515 878 tem
547 819 836 877 moestitia.
883 818 1044 874 Unde
1079 816 1232 873 idem
1265 819 1582 886 chrysosto-

398 909 520 949 mus
543 912 560 947 ε
592 891 784 958 «Quid
815 889 987 962 igitur
1014 888 1072 944 in
1093 887 1410 960 perditione
1433 889 1587 944 laeta-

404 968 499 1020 tur
521 963 549 1018 ‘2
578 965 643 1017 Et
675 960 809 1032 quia
828 977 946 1016 non
970 958 1291 1015 didicerunt
1321 959 1430 1015 hoc
1455 959 1537 1015 illi
1556 959 1586 1014 ‘2

404 1037 799 1105 Nequaquam.
855 1031 1188 1086 Revelatum
1255 1029 1407 1085 enim
1460 1046 1586 1086 esse

404 1105 495 1161 his
525 1104 581 1160 di
615 1119 762 1159 ¹num
793 1107 878 1158 est
916 1100 1142 1169 laetitia;
1180 1099 1450 1157 occultari
1484 1117 1585 1157 au-

404 1179 522 1231 tem
551 1190 585 1229 a
654 1172 767 1229 illis
796 1189 912 1229 non
940 1171 1160 1240 laetitia,
1193 1172 1293 1227 sed
1322 1170 1588 1243 lacrymis

406 1249 493 1302 est
531 1244 789 1314 dignum.
823 1247 940 1300 Hoc
974 1243 1219 1314 denique
1258 1248 1314 1298 et
1347 1243 1478 1298 fecit
1507 1242 1589 1299 lu-

440 1332 543 1372 ens
578 1315 883 1371 civitatem.
911 1316 1032 1370 Non
1058 1330 1194 1384 ergo
1218 1319 1453 1385 propter
1480 1315 1590 1369 hoc

401 1332 651 1454 faetatum
706 1391 762 1442 et
823 1385 1037 1455 gratias
1087 1384 1228 1466 agit,
1275 1384 1426 1454 quod
1486 1382 1590 1440 Dei

409 1457 683 1530 mysteria
733 1457 984 1512 latebant
1031 1457 1257 1512 Scribas
1287 1460 1344 1510 et
1386 1454 1589 1510 Phari-

413 1544 562 1585 saeos
588 1547 601 1586 :
634 1544 748 1584 non
779 1526 931 1583 enim
964 1531 1087 1583 erat
1114 1524 1356 1582 materia
1382 1524 1590 1582 alacri-

412 1600 568 1669 tatiS,
615 1599 713 1655 sed
770 1600 1049 1670 gemitus3
1086 1603 1174 1654 ast
1225 1598 1379 1667 quia,
1439 1596 1589 1667 quod

415 1670 705 1743 sapientes
733 1686 848 1725 non
879 1674 1188 1737 noverant,
1224 1667 1470 1723 humiles
1493 1683 1594 1723 no-

417 1747 618 1797 verunt
651 1758 665 1796 t
695 1762 724 1791 »
759 1741 881 1795 haec
914 1741 1345 1809 chrysostomus.
1376 1737 1593 1809 Accipi-

417 1816 510 1868 tur
537 1828 672 1881 ergo
701 1810 794 1866 hic
813 1810 1123 1877 consessio,
1144 1825 1247 1881 pro
1274 1809 1591 1880 gratiarum

411 1881 639 1938 actione
682 1887 738 1936 et
778 1881 944 1936 laude
977 1898 990 1935 ε
1025 1880 1178 1951 quia,
1206 1885 1267 1936 ut
1304 1879 1441 1936 dicit
1467 1884 1595 1936 Hie-

416 1969 699 2021 ronymus,
724 1951 1002 2007 confessio
1023 1968 1138 2007 non
1168 1967 1392 2023 semper
1420 1950 1595 2023 poeni-

421 2023 683 2091 tentiam,
714 2023 813 2078 sed
860 2028 917 2078 et
966 2022 1280 2094 gratiarum
1309 2023 1602 2083 actionem⁴

419 2093 724 2164 significat.
776 2094 937 2150 Unde
984 2093 1157 2150 etiam
1197 2095 1592 2162 Auyustinus.:

429 2184 457 2217 «
490 2167 609 2221 Non
638 2164 813 2222 solius
847 2170 932 2221 est
948 2164 1226 2221 consessio
1257 2163 1593 2236 peccatoris,

426 2238 523 2292 sed
556 2235 862 2306 aliquando
892 2236 1061 2292 etiam
1095 2235 1426 2292 laudatoris.
1449 2237 1594 2291 Con-

419 2307 654 2362 fitemur
686 2323 822 2376 ergo
876 2306 995 2362 sive
1056 2306 1355 2362 laudantes
1394 2309 1592 2375 Deum,

419 2377 537 2432 sive
567 2381 902 2432 accusantes
929 2375 1308 2449 nosmetipsos
1349 2394 1363 2432 :
1402 2396 1431 2430 »
1471 2378 1595 2432 haec

419 2449 791 2516 Auyustinus.

487 2541 517 2590 7
548 2519 658 2575 Cun
714 2535 946 2574 mavum
994 2536 1255 2587 caunum,
1307 2536 1595 2574 SAPIENTES

417 2606 558 2645 veno
614 2606 724 2644 Nou
778 2591 1059 2645 caunum-T
1109 2623 1172 2631 —
1214 2592 1282 2645 Et
1319 2588 1400 2645 sic
1438 2595 1595 2661 patet

416 2660 567 2731 quod
622 2676 814 2728 causa,
883 2676 949 2716 ex
977 2716 980 2719 ,
1015 2666 1176 2732 parte
1240 2660 1594 2716 credentium

412 2730 522 2787 tuit
552 2747 749 2787 eorum
778 2730 1089 2800 humilitaS,
1121 2748 1248 2802 quae
1278 2747 1377 2786 eos
1406 2732 1478 2787 ad
1508 2747 1596 2787 sa·

410 2801 689 2885 pientiam
738 2802 1051 2874 disposuit3
1087 2802 1239 2873 quia,
1278 2806 1341 2858 ut
1382 2801 1595 2859 dicitur

407 2889 473 2930 ln
500 2873 645 2930 libro
678 2874 1108 2930 proverbiorum
1133 2891 1146 2929 :
1176 2875 1281 2930 Ubi
1308 2879 1488 2930 autem
1510 2879 1593 2930 est

409 2946 717 3008 humilitas,
768 2946 851 2999 iba·
886 2948 1180 3016 sapientia.
1222 2947 1309 3012 Et,
1352 2950 1414 3001 ut
1456 2943 1594 3001 dicit

409 3018 733 3072 Ptolomaeus
769 3014 1139 3098 philosophus
1185 3032 1199 3071 ε
1237 3036 1259 3067 ι
1297 3015 1401 3083 Qui
1442 3013 1593 3072 inter

408 3086 697 3158 sapientes
735 3092 822 3143 est
852 3087 1141 3156 humilior,
1180 3085 1329 3143 inter
1367 3086 1592 3158 sapien-

413 3161 501 3213 tes
521 3162 627 3231 ,est
661 3156 995 3228 sapientior.
1026 3178 1054 3210 »
1087 3160 1165 3213 Ex
1201 3162 1363 3229 parte
1395 3163 1588 3214 autem

412 3242 529 3283 non
550 3226 922 3295 credentium,
953 3227 1061 3283 fuit
1080 3244 1275 3284 eorum
1300 3229 1588 3298 superbia,

418 3312 548 3368 quae
602 3302 688 3352 est
721 3296 1044 3355 intellectus
1090 3299 1445 3356 excaecativa.
1479 3300 1592 3357 Sed

418 3383 484 3423 ex
514 3372 675 3436 parte
704 3366 806 3423 Dei
841 3384 1015 3425 causa
1056 3368 1293 3442 simplex
1329 3370 1592 3427 voluntas

416 3437 633 3506 divina,
666 3443 722 3493 et
759 3438 868 3493 hoc
905 3446 992 3494 est
1020 3442 1170 3510 quod
1202 3440 1393 3497 subdit
1424 3458 1439 3497 t
1480 3446 1589 3504 lta,

411 3511 597 3576 Pater,
640 3510 848 3565 sactum
898 3514 1004 3579 est,
1099 3515 1320 3568 uoniam
1357 3516 1437 3567 sic
1479 3514 1595 3580 fuit

407 3582 702 3653 placitum,
747 3585 874 3636 ante
907 3586 978 3650 te,
1035 3528 1095 3637 13
1141 3588 1227 3638 est
1263 3582 1389 3651 tibi,
1440 3589 1496 3639 et
1532 3583 1593 3638 in

417 3658 725 3719 conspectu
754 3656 873 3722 tuo,
906 3658 1040 3709 ante
1062 3670 1231 3724 quem
1262 3653 1477 3711 scilicet
1507 3653 1592 3709 ni·

417 3721 500 3779 hil
554 3724 830 3795 injustum
868 3730 1054 3796 potest
1086 3726 1331 3797 placere.
1367 3725 1589 3782 Nullam

414 3810 550 3851 vero
605 3794 777 3851 aliam
815 3795 1096 3862 rationem
1131 3797 1372 3853 reddere
1413 3794 1593 3852 voluit

414 3864 609 3933 Filius,
643 3865 780 3937 quia
823 3868 992 3924 Pater
1026 3867 1156 3924 illos
1202 3866 1595 3951 reprobaverit

421 3941 478 3993 et
516 3938 622 3992 hos
661 3937 918 4008 elegerit,
959 3937 1070 3995 nisi
1111 3939 1294 3995 solum
1323 3939 1593 4012 benepla-

416 4006 589 4063 citum
615 4007 797 4080 ipsius
824 4008 1006 4066 Patris
1029 4027 1043 4079 ;
1065 4009 1128 4065 in
1152 4010 1493 4091 exemplum,
1520 4025 1594 4065 ne

419 4087 640 4135 secreta
670 4079 770 4135 Dei
800 4078 1190 4149 discutiamus,
1220 4085 1277 4137 et
1304 4097 1366 4137 ln
1395 4081 1594 4137 consu-

419 4147 638 4206 sionem
678 4148 926 4220 illorum,
967 4150 1063 4222 qui
1110 4153 1182 4208 de
1221 4150 1456 4208 secretis
1492 4150 1596 4208 Dei

421 4220 623 4277 volunt
648 4236 906 4291 quaerere
943 4221 1246 4282 rationem.
1278 4222 1437 4279 Unde
1470 4222 1601 4280 Gre-

1691 394 1879 460 9orius
1910 409 1928 446 ε
1958 410 1986 442 ι(
2017 388 2116 445 Η15
2142 386 2371 446 Domini
2388 389 2580 446 verbis
2608 393 2869 464 exempla

1692 460 2029 518 humilitatis
2059 458 2394 531 accipimuS,
2428 477 2501 516 ne
2529 467 2747 519 temere
2777 463 2865 520 di-

1694 539 1916 589 scutere
1957 547 2202 604 superna
2234 530 2472 588 consilia
2511 532 2583 588 de
2621 533 2869 591 aliorum

1693 605 2005 673 vocatione,
2032 601 2703 684 aliorumve-repulsione
2728 621 2874 688 prae-

1694 691 2002 731 sumamus,
2065 675 2204 730 Cum
2278 689 2433 729 enim
2497 675 2873 746 praemisisset

1693 750 2018 816 utrumque,
2051 761 2165 800 non
2193 759 2323 799 mox
2354 744 2635 802 rationem
2673 747 2870 804 reddi-

1693 816 1817 885 dit3
1853 817 1953 873 sed
1983 815 2065 872 sic
2110 818 2225 872 Deo
2257 814 2530 887 placitum
2565 817 2724 886 dixit,
2759 819 2873 876 hoc

1696 887 1956 944 videlicet
2016 886 2322 943 intendens
2381 888 2534 957 quod
2596 888 2873 960 injustum

1695 975 1821 1015 esse
1857 975 1974 1015 non
2016 962 2205 1030 potest
2257 958 2409 1028 quod
2448 959 2663 1030 placuit
2686 962 2868 1031 justo·

1695 1032 1759 1085 In
1796 1027 2011 1086 cunctis
2042 1044 2201 1100 ergo,
2238 1044 2366 1099 quae
2398 1030 2645 1086 exterius
2683 1047 2717 1087 a
2750 1034 2870 1088 Deo

1696 1101 2093 1172 disponuntur,
2149 1106 2347 1170 aperta
2399 1117 2571 1157 causa
2626 1100 2870 1158 rationis

1696 1178 1804 1241 est,
1835 1172 2057 1227 occulta
2075 1170 2289 1241 judicia
2305 1171 2627 1228 voluntatis.
2655 1193 2684 1222 »
2709 1172 2870 1229 Unde

1697 1248 1753 1299 et
1785 1244 2196 1312 chrysostomus
2223 1261 2240 1296 ε
2266 1261 2294 1294 «
2324 1244 2444 1298 Non
2477 1242 2612 1298 dicit
2643 1259 2757 1314 qua
2781 1259 2872 1300 ra·

1698 1313 1855 1369 tione
1896 1313 1978 1368 sic
2009 1312 2061 1369 ei
2090 1312 2330 1384 placuit;
2357 1313 2455 1369 sed
2483 1318 2703 1370 tantum
2737 1330 2868 1385 gra-

1699 1383 1810 1441 tias
1836 1384 1953 1456 agit
1977 1383 2155 1453 Patri,
2175 1383 2307 1454 quia
2327 1383 2406 1440 sic
2427 1384 2483 1441 ei
2497 1385 2728 1468 placuit.
2754 1385 2870 1456 Sic,

1700 1461 1758 1513 et
1813 1461 1898 1524 tu,
1947 1471 2261 1526 numquam
2309 1455 2582 1512 discutias
2633 1454 2874 1513 consilia

1700 1526 1801 1584 Dei
1833 1526 1893 1581 in
1922 1525 2192 1597 operibus
2237 1527 2379 1597 ejuS,
2413 1527 2551 1597 quid
2603 1527 2736 1583 fecit
2773 1530 2875 1584 aut

1743 1614 1813 1653 ua
1834 1596 2058 1652 ratione
2079 1596 2240 1665 fecit3
2260 1600 2356 1652 sed
2376 1613 2737 1668 quocumque
2758 1614 2877 1654 mo·

1701 1614 1773 1724 go
1800 1683 1921 1723 rem
1952 1683 2112 1723 suam
2142 1666 2319 1722 voluit
2347 1668 2639 1735 ordinare,
2659 1668 2878 1738 gratias

1701 1738 1753 1795 ei
1783 1754 1919 1808 agas
1948 1755 1961 1792 ε
1999 1736 2210 1793 sufficit
2241 1752 2444 1808 nempe
2475 1739 2578 1795 tibi
2610 1739 2684 1794 ad
2718 1737 2878 1795 testi-

1701 1810 1975 1876 monium,
2006 1807 2131 1880 ipsa
2153 1807 2253 1864 Dei
2284 1814 2489 1864 natura
2516 1827 2529 1864 :
2557 1808 2694 1878 quia
2725 1811 2876 1867 Deus
2904 1878 2907 1881 ¹

1702 1880 1822 1936 sine
1849 1879 2071 1935 ratione
2093 1884 2149 1934 et
2170 1878 2290 1934 sine
2303 1878 2529 1950 Justitia
2547 1879 2687 1936 nihil
2718 1880 2874 1938 facit.

1700 1954 1824 2008 Non
1857 1950 2009 2006 enim
2039 1950 2111 2005 ad
2131 1949 2541 2007 discussionem
2566 1967 2750 2021 suam,
2772 1952 2876 2008 sed

1701 2023 1771 2078 ad
1803 2022 2079 2077 honorem
2109 2036 2274 2076 suum
2304 2021 2517 2078 creavit
2545 2027 2630 2089 te;
2660 2039 2765 2079 nec
2787 2023 2877 2094 ju·

1703 2093 1884 2150 dicem
1916 2097 1972 2148 te
2000 2091 2179 2147 voluit
2207 2108 2330 2148 esse
2356 2099 2585 2149 actuum
2617 2109 2873 2163 suorum,

1703 2164 1802 2221 sed
1830 2179 2053 2219 servum
2084 2170 2522 2235 praeceptorum.
2548 2164 2686 2220 Boni
2719 2163 2876 2220 enim

1703 2233 1928 2292 Domini
1958 2239 2045 2290 est
2081 2233 2276 2290 omnia
2297 2234 2616 2305 providere,
2638 2251 2766 2305 quae
2798 2235 2875 2291 ad

1703 2305 2007 2362 utilitatem
2046 2304 2334 2377 pertinent
2369 2306 2546 2374 servi3
2586 2307 2719 2362 boni
2767 2321 2873 2362 au·

1704 2383 1818 2432 tem
1849 2374 1996 2432 servi
2025 2382 2112 2432 est
2138 2376 2385 2433 fideliter
2413 2375 2657 2448 operari,
2685 2381 2742 2433 et
2760 2391 2877 2432 non

1705 2447 1987 2504 discutere
1999 2447 2211 2502 domini
2228 2447 2315 2504 sui
2328 2453 2513 2504 actus:
2532 2469 2558 2501 »
2575 2449 2695 2504 haec
2715 2449 2880 2518 Chry·

1701 2526 1989 2576 sostomus.
2008 2520 2168 2575 Unde
2179 2526 2237 2575 et
2258 2521 2635 2589 Auyustinus:
2654 2522 2881 2587 «Quare

1701 2591 1863 2647 illum
1895 2589 2071 2646 trahit
2105 2595 2162 2647 et
2193 2590 2353 2647 illum
2383 2608 2498 2647 non
2528 2590 2722 2664 trahit,
2764 2588 2884 2646 noli

1704 2662 1848 2718 velle
1865 2661 2198 2732 dijudicare,
2221 2661 2266 2717 si
2288 2678 2400 2717 non
2417 2661 2502 2717 vis
2519 2677 2730 2717 errare.
2757 2681 2784 2713 ι)
2810 2662 2882 2717 Ut

1703 2737 1897 2789 autem
1927 2732 2063 2788 dicit
2087 2736 2323 2815 Prosper
2346 2751 2365 2789 ε
2391 2752 2417 2784 «
2442 2734 2592 2787 Deus
2616 2731 2885 2788 resisten-

1703 2808 1818 2860 tem
1852 2820 1968 2860 non
1995 2802 2191 2872 trahit,
2217 2802 2571 2873 invitumque
2595 2819 2712 2859 non
2733 2818 2886 2859 com-

1702 2874 1891 2959 pellit3
1917 2875 2017 2931 sed
2036 2891 2101 2931 ex
2122 2873 2325 2944 invito,
2344 2875 2626 2931 volentem
2648 2873 2804 2944 lacit,
2825 2877 2884 2930 et

1702 2946 2103 3003 1nfidelitatem
2150 2946 2468 3003 resistentis
2513 2946 2771 3014 inclinat,
2818 2948 2883 3001 ut

1702 3034 1801 3074 cor
1837 3016 2142 3088 audientiS,
2174 3017 2477 3075 obediendi
2520 3018 2578 3073 in
2623 3034 2683 3073 se
2731 3017 2883 3073 dele·

1701 3088 1949 3146 ctatione
1968 3087 2183 3159 genita,
2209 3089 2287 3145 ibi
2309 3094 2525 3159 surgat,
2547 3087 2644 3144 ubi
2670 3102 2888 3159 preme·

1701 3161 1900 3227 batur;
1924 3159 2054 3214 inde
2078 3159 2234 3229 velit,
2267 3158 2362 3216 ubi
2390 3159 2620 3214 nolebat
2651 3176 2664 3214 :
2699 3176 2729 3211 »
2759 3159 2883 3214 haec

1699 3235 1950 3301 Prosper.
1985 3233 2052 3285 Et
2081 3228 2212 3285 licet
2240 3229 2300 3284 in
2335 3228 2563 3300 speciali
2597 3244 2712 3283 non
2742 3244 2881 3299 pos-

1703 3301 1776 3359 sit
1800 3299 2080 3371 assignari
2108 3299 2254 3356 ratio
2285 3315 2459 3380 quare
2489 3298 2645 3354 illum
2683 3298 2879 3370 eligat,

1703 3378 1758 3429 et
1777 3372 1950 3427 istum
1970 3368 2236 3437 dimittat,
2264 3368 2371 3424 msi
2393 3370 2516 3439 ejus
2532 3368 2769 3440 simplex
2787 3384 2882 3425 vo·

1702 3444 1923 3509 luntas3
1947 3440 2098 3511 quod
2128 3444 2320 3496 tamen
2343 3439 2522 3510 aliqui
2547 3439 2659 3495 sint
2689 3438 2878 3509 electi,

1701 3519 1757 3570 et
1784 3511 1961 3582 aliqui
2000 3509 2309 3582 reprobati,
2347 3511 2495 3567 bene
2524 3515 2712 3582 potest
2743 3509 2882 3567 assi-

1700 3581 1865 3654 gnari
1892 3598 2062 3638 causa
2085 3581 2144 3637 in
2167 3581 2442 3654 generali,
2469 3599 2536 3638 ex
2563 3588 2726 3653 parte
2755 3580 2879 3650 Dei,

1700 3659 1764 3710 ut
1791 3653 1851 3708 in
1881 3652 2076 3710 electis
2114 3658 2387 3724 appareat
2419 3652 2521 3710 Dei
2555 3652 2879 3709 misericor-

1700 3724 1815 3793 dia,
1847 3723 1906 3780 in
1935 3723 2062 3781 aliis
2085 3729 2276 3781 autem
2306 3725 2430 3795 eJus
2450 3723 2676 3797 justitia
2703 3741 2717 3780 t
2746 3722 2882 3794 quia

1701 3796 1848 3853 sicut
1871 3796 1943 3852 ad
1967 3794 2210 3868 gloriam
2238 3796 2390 3868 regis
2413 3801 2471 3852 et
2498 3796 2763 3851 decorem
2792 3793 2881 3851 sui

1701 3866 1864 3939 regni
1891 3883 2004 3923 non
2025 3867 2212 3923 solum
2235 3865 2479 3936 pertinet
2505 3867 2656 3935 aula,
2682 3865 2740 3922 in
2770 3880 2881 3936 qua

1704 3937 1921 4002 strenui
1943 3936 2152 3994 milites
2176 3939 2557 4006 honorantur,
2582 3937 2681 3993 sed
2705 3935 2877 4017 etiam

1703 4008 2020 4082 patibulum
2052 4008 2113 4065 in
2144 4025 2255 4080 quo
2292 4010 2682 4066 malefactores
2708 4023 2877 4079 pum·

1706 4085 1908 4149 untur;
1953 4079 2034 4137 sic
2073 4081 2147 4136 ad
2194 4079 2435 4151 gloriam
2475 4079 2576 4135 Dei
2623 4093 2741 4134 non
2783 4093 2875 4134 so-

1702 4153 1822 4208 lum
1842 4151 2089 4223 pertinet
2116 4150 2434 4223 praemiatio
2455 4152 2758 4220 bonorum,
2780 4147 2881 4206 sed

1706 4222 1877 4279 etiam
1902 4220 2119 4294 punitio
2142 4224 2538 4293 reproborum.
