3146 5023
290 456 295 459 ,
372 415 443 468 -50
1159 406 1384 460 ramis
1437 382 1940 469 rinusctrin
1998 406 2092 460 tn

381 522 442 577 in
466 516 802 590 parentibus
832 532 848 572 ε
880 527 1013 569 cum
1047 511 1225 569 etiam
1248 511 1427 567 frater
1452 510 1570 568 fra-

298 598 305 603 “
342 582 351 591 '
382 601 531 648 trem
560 589 874 645 traditurus
892 591 980 640 est
1006 583 1066 639 in
1092 582 1353 650 mortem,
1388 588 1571 653 pater,

383 663 591 730 filium,
632 667 688 714 et
742 657 891 712 filius
941 662 1179 724 patrem.
1216 655 1356 709 Vide
1406 654 1573 734 quale

383 740 522 790 tunc
545 730 869 788 incendium
899 725 1308 799 persecutionis
1327 724 1572 792 ardebit,

386 811 450 860 ut
480 819 585 859 nec
614 801 723 856 sibi
754 800 859 870 ipsi
896 803 1091 867 parcat
1135 796 1369 851 natural
1421 796 1573 861 Quo-

384 875 557 932 modo
624 878 816 927 autem
868 874 1007 924 tunc
1046 875 1415 938 patronorum
1474 870 1577 921 aut

385 946 701 1002 amicorum
759 941 928 996 fidem
986 939 1266 1007 integram
1329 952 1572 1017 quaeras,

386 1032 515 1073 cum
566 1013 777 1068 videris
830 1010 1141 1083 amicitiam
1200 1008 1576 1087 fraternitatis

384 1093 443 1143 et
495 1084 853 1157 paternitatis
911 1096 1036 1136 esse
1091 1076 1485 1158 exstinctam?
1515 1078 1577 1133 Si

383 1157 540 1215 enim
569 1152 823 1211 amicitia
844 1154 911 1207 -in
938 1152 1058 1222 ipsa
1090 1156 1297 1205 natura
1325 1149 1573 1217 deliciet,

385 1228 673 1300 quomodo
692 1225 1015 1279 invenietur
1028 1226 1186 1276 extra
1209 1220 1516 1276 naturam?
1546 1237 1576 1271 »

383 1301 508 1357 haec
538 1299 968 1363 chrysostomus.
1007 1293 1207 1350 Subdit
1238 1299 1430 1347 autem
1460 1307 1474 1344 z
1503 1293 1576 1345 Et

383 1373 541 1429 eritis
563 1370 689 1425 odio
718 1365 969 1421 omnibus
1000 1364 1331 1430 hominibus,
1371 1362 1573 1416 huma-

382 1458 462 1499 na
506 1438 859 1522 sapientibus
897 1478 911 1504 ,
962 1436 1177 1491 scilicet
1232 1431 1579 1488 amatoribus

386 1513 607 1579 mundi,
660 1511 755 1580 qui
808 1506 1025 1563 inimici
1065 1511 1195 1561 sunt
1239 1506 1357 1559 Dei.
1396 1504 1578 1557 Homo

386 1586 541 1641 enim
599 1582 692 1637 hic
725 1579 906 1650 magis
957 1579 1094 1632 dicit
1136 1575 1356 1641 vitium,
1406 1589 1578 1643 quam

383 1662 670 1712 naturam.
696 1653 836 1721 quia
856 1649 1094 1703 multum
1122 1651 1400 1725 repugnat
1417 1659 1581 1699 amor

386 1727 509 1794 Dei,
542 1730 598 1780 et
633 1722 832 1777 mundi
866 1742 879 1775 ε
917 1720 1128 1773 distant
1157 1717 1305 1769 enim
1338 1720 1486 1795 inter
1515 1729 1578 1795 se

386 1796 511 1867 plus
542 1810 714 1861 quam
750 1790 953 1846 coelum
988 1795 1043 1844 et
1073 1794 1247 1841 terra.
1281 1785 1580 1866 QU?⁵¹.d.¹‘

388 1866 722 1923 catzEritis
754 1861 879 1917 odio
912 1875 1023 1914 non
1078 1857 1258 1913 solum
1317 1858 1577 1925 immmm,

386 1937 488 1993 sed
525 1936 696 1991 etiam
745 1931 975 1998 amicis;
1025 1945 1140 1984 non
1172 1929 1355 1983 solum
1394 1933 1581 2007 estra-

386 2009 529 2075 neiS,
583 2005 682 2060 sed
744 2003 913 2058 etiam
962 2000 1316 2073 propinquis,
1364 1998 1582 2052 scilicet

388 2077 719 2151 parentibus
784 2077 840 2128 et
906 2071 1197 2127 fratribus,
1272 2070 1583 2139 Sequentes

388 2151 599 2208 etenim
637 2144 923 2202 Christum
954 2143 1279 2212 frequenter
1305 2144 1438 2195 sunt
1466 2139 1585 2193 odi-

389 2222 477 2278 osi
520 2219 668 2284 aliis,
710 2215 883 2271 etiam
931 2212 1254 2269 carnalibus
1289 2209 1576 2266 fratribus.

389 2294 460 2349 Et
507 2287 786 2355 subditur,
838 2290 1064 2357 propter
1120 2298 1313 2338 nomen
1365 2298 1577 2345 meum,

390 2361 543 2433 quod
595 2359 824 2415 additur
856 2361 1089 2428 propter
1125 2354 1576 2408 consolationem

390 2446 612 2497 eorum,
665 2429 799 2499 quia
832 2424 1162 2481 delectabile
1217 2430 1301 2478 est
1346 2429 1578 2493 propter

393 2518 648 2561 amorem
702 2495 948 2555 nominis
998 2494 1222 2552 Domini
1263 2509 1386 2550 esse
1446 2495 1571 2551 odi·

395 2590 577 2633 osum.
612 2573 770 2639 Quod
807 2570 958 2625 enim
991 2568 1238 2623 habvtur
1266 2564 1418 2633 odio,
1453 2581 1580 2636 pro·

395 2652 522 2717 pter
568 2657 778 2699 nomen
808 2640 1037 2707 Christi,
1070 2652 1241 2694 causa
1282 2644 1366 2691 est
1412 2638 1577 2693 susti-

395 2717 550 2773 ciens
600 2715 881 2785 patienter
931 2709 1356 2782 persecutiones
1414 2709 1576 2789 susti-

396 2787 609 2852 nendi;
646 2792 703 2840 et
729 2784 801 2839 ad
843 2783 952 2838 hoc
993 2794 1263 2851 magnum
1316 2785 1573 2849 sequitur

396 2856 723 2931 praemium,
761 2855 895 2924 quia
928 2868 1043 2908 non
1095 2855 1404 2922 martyrem
1437 2851 1575 2907 flacit

396 2945 585 3002 poena.
623 2928 724 2983 sed
765 2940 953 2980 causa.

468 3025 500 3074 7
542 3004 800 3056 Pmmnuu
830 3009 1334 3053 PERSEVERANTIBUS
1367 3009 1570 3047 merno-

396 3088 612 3128 msstm.
670 3098 739 3110 —
796 3070 862 3123 Et
905 3084 975 3122 ne
1018 3068 1075 3120 in
1104 3064 1573 3121 tribulationibus

399 3142 687 3208 deficiant,
721 3137 1044 3195 consolatur
1059 3136 1531 3204 eoS,subjuugens
1555 3152 1567 3190 :

397 3214 506 3279 Qui
532 3218 712 3265 autem
736 3209 1161 3279 perseveraverit
1185 3220 1358 3274 usque
1399 3208 1460 3259 in
1503 3208 1571 3274 fi-

397 3298 541 3348 nem,
572 3280 790 3335 scilicet
840 3279 899 3332 in
928 3277 1111 3349 gratia
1165 3277 1571 3346 permanendo,

354 3367 367 3374 ·
398 3367 519 3409 non
557 3349 804 3405 finaliter
829 3347 1292 3414 succumbendo;
1332 3348 1441 3415 vel,
1477 3362 1572 3402 se-

398 3422 648 3479 cundum
673 3420 1002 3487 Remiqium,
1034 3419 1132 3488 qui
1172 3421 1454 3486 praecepta
1498 3416 1569 3472 fi-

399 3494 492 3550 dei
535 3508 653 3547 non
703 3489 1019 3545 deseruerit
1069 3489 1215 3542 etin
1268 3489 1571 3555 persecuti-

396 3565 606 3622 onibus
631 3578 745 3630 non
780 3559 1070 3628 defecerit,
1102 3560 1190 3613 hic
1216 3559 1406 3612 salvus
1436 3561 1566 3628 erit,

397 3638 532 3709 quia
569 3634 717 3702 finiS,
749 3647 868 3688 non
895 3646 1108 3702 puona,
1138 3633 1373 3684 coronat
1407 3645 1421 3684 ι
1457 3645 1573 3685 non

398 3710 554 3765 enim
601 3705 858 3778 coepisse,
900 3675 1006 3758 sed'
1040 3700 1359 3771 perfecisse,
1392 3700 1568 3756 virtu-

393 3779 467 3836 tis
492 3784 594 3836 est.
630 3780 691 3832 ln
727 3790 839 3847 quo
864 3789 979 3829 non
1017 3772 1300 3829 modicam
1324 3773 1421 3827 dat
1442 3787 1572 3853 con-

394 3851 731 3908 solationem
762 3848 910 3902 inter
939 3843 1358 3925 persecutiones
1400 3850 1457 3898 et
1507 3859 1568 3898 in

390 3920 694 3979 tolerantia
755 3916 1206 3984 tribulationum,
1262 3930 1424 3995 qula·
1449 3928 1567 3969 non

393 3992 812 4056 inchoantibuS,
878 3988 978 4045 sed
1042 3984 1560 4058 perseverantibuS,

395 4064 689 4120 confertur
716 4061 1036 4133 praemium.
1077 4062 1200 4118 Νοη
1231 4058 1384 4112 enim
1412 4072 1560 4111 coro-

385 4141 576 4203 natur,
640 4135 755 4188 nisi
804 4134 904 4202 qui
960 4132 1201 4199 legitime
1245 4129 1555 4183 certaverit.

386 4207 503 4260 Hoc
532 4203 885 4274 significatur
916 4201 976 4256 in
1018 4199 1180 4271 signo
1233 4202 1367 4267 Tau,
1427 4213 1557 4268 quae

380 4281 466 4334 est
491 4277 688 4329 ultima
722 4274 931 4336 littera,
963 4286 1076 4342 quo
1112 4286 1310 4350 omnes
1338 4269 1558 4325 salvan-

409 4347 427 4402 i
452 4344 931 4417 signantur.Dieit
958 4342 1213 4398 enimltic
1234 4356 1299 4395 m
1324 4341 1552 4411 signum

1689 511 2052 567 discretionis
2086 509 2501 583 singularitatis
2526 516 2584 569 et
2607 513 2874 581 paucita-

1688 581 1780 637 tis,
1814 583 1973 638 Unde
2016 583 2432 652 chrysostomus
2462 603 2480 638 .·
2531 604 2558 635 «
2591 585 2735 651 Quia
2782 586 2871 642 in-

1688 655 1877 722 cipere
1899 654 2203 710 multorum
2224 662 2328 722 est,
2348 654 2511 709 linire
2531 671 2873 726 paucorum3

1688 740 1913 794 semper
1943 725 2002 779 in
2034 725 2314 793 principio
2346 724 2649 781 delectatio
2677 732 2781 796 est,
2811 726 2878 784 in

1641 794 1652 805 “
1689 795 1803 850 fine
1860 796 2141 865 probatio.
2183 797 2348 863 ‚Cura
2396 797 2562 853 bonae
2618 796 2753 853 fidei
2785 804 2877 854 est

1688 866 1868 921 exitus
1906 865 2108 934 bonus
2142 866 2414 935 quoniam
2463 869 2717 936 incipere
2763 867 2875 925 ali—

1690 937 1840 1006 quod
1874 936 2083 992 bonum
2125 954 2239 993 non
2272 939 2584 1007 gloriosum
2624 947 2730 1009 est,
2770 940 2875 996 sed

1691 1008 1879 1063 finire.
1918 1008 2079 1074 Quod
2115 1015 2346 1078 propter
2381 1011 2556 1064 Deum
2584 1009 2669 1078 fit,
2706 1016 2874 1067 aeter-

1688 1093 1827 1133 num
1856 1083 1963 1147 est,
1987 1080 2135 1133 sicut
2156 1078 2304 1135 Deus
2331 1084 2578 1135 aeternus
2601 1086 2705 1136 est.
2728 1081 2878 1138 Cum

1690 1165 1829 1220 ergo
1889 1164 2194 1204 conversus
2243 1150 2418 1205 fueris
2462 1151 2534 1206 ad
2580 1153 2781 1224 Deum,
2813 1158 2878 1208 et

1691 1221 1927 1289 coeperis
1950 1221 2067 1275 Deo
2090 1221 2322 1289 servire,
2352 1226 2411 1276 et
2437 1237 2611 1291 opera
2631 1223 2876 1293 justitiae

1689 1291 1900 1360 facere,
1931 1306 2035 1345 nec
2069 1291 2377 1362 aliquando
2401 1300 2528 1349 acta
2574 1298 2675 1349 tua
2721 1309 2876 1364 prae-

1690 1362 1859 1417 terita
1929 1363 2267 1425 recorderis,
2329 1364 2425 1417 sed
2482 1363 2655 1419 finem
2707 1370 2875 1421 tuum

1692 1433 1900 1503 cogita,
1959 1433 2093 1503 quia
2142 1434 2561 1503 praeteritorum
2628 1450 2874 1505 operum

1691 1504 1970 1559 bonorum
2030 1506 2406 1559 consideratio
2456 1504 2871 1577 negligentiam

1689 1574 1779 1628 vel
1827 1574 2162 1645 jactantiam
2203 1583 2492 1643 operatur,
2536 1576 2871 1633 considera-

1690 1646 1771 1700 tio
1790 1651 1981 1700 autem
2001 1645 2128 1699 [inis
2143 1646 2405 1701 timorem
2429 1646 2632 1716 gignit.
2659 1646 2874 1704 »Unde

1692 1721 1750 1772 et
1776 1716 2088 1771 Ber-nardus
2122 1715 2202 1771 sic
2229 1715 2349 1772 ait:
2382 1737 2410 1769 «
2443 1718 2878 1775 perseverantia

1692 1794 1780 1842 est
1833 1788 1995 1858 vigor
2042 1788 2268 1856 virium,
2316 1788 2721 1844 consummatio
2761 1789 2881 1844 vir·

1692 1863 1899 1925 tutum,
1958 1860 2145 1912 nutrix
2199 1860 2270 1913 ad
2325 1858 2610 1930 meritum,
2660 1856 2879 1917 media-

1692 1927 1804 1983 trix
1841 1928 1913 1983 ad
1959 1930 2279 2009 praemium,
2333 1946 2497 1984 soror
2556 1928 2875 2003 patientiae,

1693 2005 2026 2054 constantias
2066 2000 2203 2062 filia.
2238 2001 2423 2055 amica
2470 2002 2642 2072 pacis,
2675 2002 2877 2058 amici-

1693 2068 1900 2125 tiarum
1919 2071 2123 2140 noduS,
2148 2072 2538 2126 unanimitatis
2552 2070 2871 2142 vinculum,
2911 2092 2916 2095 ·

1692 2142 2120 2211 sanctitatisque
2170 2143 2678 2213 propugnaculum.
2711 2142 2875 2200 Tolle

1696 2213 2311 2281 perseverantiam,nec
2342 2213 2678 2281 obsequium
2703 2213 2878 2270 habe-

1693 2282 1778 2337 bit
1809 2283 2152 2346 mercedem,
2192 2298 2296 2337 nec
2346 2283 2686 2339 beneficium
2731 2299 2876 2366 gra·

1691 2353 1854 2421 tiam,
1886 2369 1992 2408 nec
2022 2352 2294 2423 fortitudo
2327 2354 2577 2411 laudem.
2612 2356 2875 2426 Denique

1690 2439 1806 2479 non
1834 2425 1933 2494 qui
1963 2425 2259 2493 inceperit,
2289 2426 2388 2479 sed
2422 2428 2522 2494 qui
2558 2441 2876 2496 persevera-

1691 2497 1853 2564 verit,
1871 2497 1974 2551 ‘hic
2003 2497 2193 2551 salvus
2236 2499 2342 2552 erit
2370 2515 2383 2553 ;
2429 2516 2457 2550 ))
2487 2497 2608 2553 haec
2632 2500 2874 2554 Bernar-

1691 2567 1816 2622 dus.
1855 2569 1923 2622 Et
1949 2574 2087 2622 nota
2140 2569 2290 2638 quod
2319 2569 2523 2638 duplex
2551 2573 2635 2624 est
2669 2585 2870 2640 perse-

1690 2638 1947 2693 verantia
2016 2656 2031 2693 :
2085 2654 2202 2694 una
2253 2645 2338 2694 est
2391 2641 2745 2696 continuatio
2806 2640 2871 2696 in

1689 2709 1855 2765 bonis
1887 2710 2173 2780 operibuS,
2208 2711 2329 2766 haec
2367 2726 2482 2765 non
2514 2717 2598 2766 est
2628 2711 2687 2765 in
2716 2726 2870 2780 prae-

1688 2785 1896 2850 cepto;
1931 2779 2044 2835 alia
2088 2787 2173 2835 est
2211 2783 2628 2851 perseverantia
2659 2781 2870 2838 volun-

1687 2850 1820 2905 tatis
1877 2851 1934 2906 in
1989 2854 2276 2921 proposito
2335 2853 2477 2908 bene
2529 2852 2759 2924 agendi,
2812 2858 2873 2910 et

1685 2921 1810 2977 haec
1835 2927 1918 2976 est
1941 2920 2001 2975 in
2033 2928 2334 2992 praecepto.

1758 2996 1791 3047 8
1818 2993 2139 3055 ALIQUANDO
2199 3011 2342 3050 FUGA
2389 3010 2866 3051 rnAEmCAromnus

1685 3080 2058 3131 Pssnm‘r‘nrun,
2107 3082 2420 3130 aLIQUANDo
2478 3083 2607 3122 Non.
2675 3096 2737 3106 —
2794 3067 2869 3121 Et
2947 3067 2950 3070 “

1686 3135 1820 3204 quia
1866 3137 2117 3206 Apostoli
2169 3138 2355 3191 adhuc
2411 3141 2574 3191 erant
2621 3135 2865 3208 infirmi,

1685 3205 1943 3261 nondum
1971 3207 2178 3262 virtute
2210 3224 2275 3262 ex
2300 3208 2416 3262 alto
2454 3207 2660 3276 induti,
2690 3207 2864 3263 docet

1684 3291 1779 3331 eos
1804 3280 2096 3347 tamquam
2128 3284 2356 3332 teneros
2386 3278 2579 3350 sugere
2600 3282 2663 3333 ut
2685 3276 2865 3348 pluri-

1684 3346 1793 3402 bus
1846 3346 2056 3418 possint
2108 3349 2398 3417 prodesse.
2449 3349 2644 3404 dicens
2674 3367 2691 3403 ε
2728 3348 2866 3405 Cum

1682 3422 1864 3473 autem
1909 3423 2308 3489 persequentur
2352 3436 2469 3483 vos,
2521 3422 2583 3474 in
2636 3420 2868 3475 civitate

1680 3490 1813 3553 ista,
1830 3491 2010 3557 ruqite
2034 3493 2094 3545 in
2112 3493 2306 3558 aliam,
2330 3497 2395 3546 ut
2422 3489 2663 3561 amplius
2682 3489 2867 3546 divul-

1678 3564 1849 3631 getur
1878 3576 2088 3616 nomen
2118 3569 2364 3617 vestrum
2397 3568 2454 3616 et
2484 3565 2673 3616 vestra
2743 3575 2861 3616 rae-

1682 3629 1889 3687 dicatio
1916 3632 2201 3699 audiatur,
2221 3639 2277 3688 et
2303 3639 2370 3688 ut
2394 3638 2596 3688 vestrae
2621 3631 2677 3686 in
2726 3630 2866 3687 rmi-

1681 3702 1784 3757 tati
1814 3703 2180 3772 provideatur
2196 3708 2254 3758 et
2282 3703 2539 3759 hostibus
2567 3707 2858 3773 parcatur.

1680 3772 1838 3828 Unde
1867 3774 1948 3828 ait
2000 3775 2411 3843 chrysostomus
2440 3796 2453 3831 ε
2492 3798 2519 3822 «
2567 3774 2764 3829 Sciens
2797 3773 2855 3828 in

1676 3842 2091 3900 tentationibus
2144 3845 2538 3900 infirmitatem
2591 3845 2861 3900 humanae

1677 3919 1900 3970 naturae
1927 3936 1941 3971 :
1975 3916 2030 3972 Si
2065 3916 2190 3985 quis
2215 3933 2331 3985 voS,
2360 3915 2568 3987 inquit,
2633 3929 2863 3970 ersecu·

1677 3991 1769 4039 tus
1824 3984 1995 4041 suerit
2030 3985 2097 4041 in
2153 3988 2378 4042 civitate
2410 3985 2539 4056 ista,
2613 3985 2767 4057 ugite
2799 3985 2861 4041 in

1675 4054 1938 4113 alteram.
1965 4059 2086 4113 Non
2108 4059 2259 4113 enim
2280 4065 2584 4113 contemno
2601 4054 2859 4125 timidos,

1675 4141 1780 4181 nec
1831 4128 1980 4201 eligo
2037 4133 2260 4184 tantum
2309 4116 2507 4199 l'orteS,
2559 4128 2696 4199 quia
2739 4141 2863 4182 non

1672 4198 1941 4254 virtutem
1979 4200 2274 4255 hominum
2306 4202 2456 4256 Deus
2507 4197 2859 4269 considerat,

1671 4269 1771 4324 sed
1824 4270 2194 4326 voluntatem.
2229 4273 2391 4342 Nam,
2426 4271 2520 4326 ille
2560 4269 2661 4341 qui
2688 4268 2857 4341 fugit,

1670 4340 1775 4395 etsi
1805 4341 2018 4397 virtute
2049 4343 2279 4415 quidem
2311 4341 2596 4399 dissimilis
2620 4345 2727 4412 est,
2752 4355 2856 4396 vo-
