3146 5023
397 470 489 523 218

416 577 551 651 quia
568 582 715 637 Deus
730 596 844 643 non
859 586 1059 653 pensat
1078 585 1376 652 quantum,
1395 581 1496 638 sed
1519 598 1587 638 ex

414 657 646 722 quanto.
677 654 755 708 De
793 652 1063 723 praedicta
1092 652 1465 709 similitudine
1492 669 1586 710 ar-

413 723 571 780 boris
599 729 657 780 et
683 722 812 779 aliis
845 725 955 779 'am
990 723 1177 792 tactis,
1211 726 1387 780 babes
1413 724 1589 781 etiam

412 809 585 864 supra
633 795 783 849 circa
872 810 998 850 nem
1030 795 1311 850 sermonis
1362 796 1587 853 Domini

413 864 751 990 intmonte3
786 864 882 921 ubi
935 866 1101 940 plura
1152 865 1224 923 de
1265 866 1356 924 his
1394 866 1589 925 videre

412 950 486 1009 po
515 951 651 991 eris.

493 1012 552 1062 15
582 1007 662 1062 Da
695 1022 827 1064 oum
855 1025 1030 1064 vanno
1061 1027 1252 1066 onoso
1275 1024 1434 1067 lui-10
1464 1028 1593 1067 azn-

414 1095 593 1133 nmwA
629 1097 744 1135 nsr.
777 1105 841 1120 d·
889 1082 1195 1153 Postquam
1235 1089 1426 1139 autem
1463 1097 1594 1154 pro·

415 1149 584 1205 cessit
611 1152 907 1222 probando
947 1156 1000 1207 et
1032 1154 1347 1225 arguendo,
1387 1170 1590 1211 conse*

413 1226 657 1291 quenter
724 1223 979 1294 procedit
1034 1225 1458 1294 comminand0‚
1517 1241 1590 1281 ne

410 1293 648 1348 credant
692 1309 934 1364 parvum
982 1294 1182 1352 vitium
1232 1296 1379 1352 male
1410 1294 1588 1367 loqui,

413 1368 471 1419 et
502 1365 651 1420 mala
694 1367 869 1423 verba
906 1381 1024 1422 non
1075 1367 1287 1439 puniri.
1318 1370 1401 1423 lta
1451 1373 1588 1438 ergo

411 1435 596 1491 malus
634 1436 852 1508 profert
881 1438 1032 1494 mala
1070 1440 1264 1507 verba,
1300 1455 1427 1510 quae
1454 1438 1588 1509 qui·

410 1506 541 1562 dem
599 1523 714 1564 non
771 1514 902 1565 sunt
935 1510 1418 1581 parvipendenda,
1452 1526 1587 1580 quo-

409 1580 562 1632 niam
591 1595 746 1634 omne
782 1582 1005 1636 verbum
1043 1586 1295 1651 otiosum,
1325 1597 1437 1637 non
1469 1585 1590 1637 tan·-

416 1652 537 1705 tum
575 1650 960 1722 perniciosum
999 1654 1146 1723 quod
1176 1655 1343 1708 locuti
1375 1654 1590 1720 fuerint

420 1722 682 1785 homines,
705 1724 935 1778 reddent
956 1724 1022 1777 de
1039 1740 1096 1778 eo
1124 1727 1414 1786 rationem,
1437 1723 1589 1795 quod

414 1791 522 1846 erit
567 1792 732 1848 valde
776 1792 1029 1861 difficile,
1062 1793 1195 1864 quia
1234 1793 1403 1849 locuti
1455 1799 1588 1851 sunt

411 1862 538 1917 sine
588 1863 837 1933 ratione;
867 1864 977 1932 vel,
1024 1865 1254 1919 reddent
1291 1868 1583 1930 rationem,

407 1931 466 1987 id
498 1937 583 1988 est
613 1933 832 1989 solvent
870 1937 929 1990 in
963 1935 1052 1989 die
1074 1936 1285 2005 judicii
1311 1952 1539 2007 poenam
1566 1954 1581 2005 ;

406 2003 557 2074 quod
606 2003 884 2075 judicium
942 2005 1053 2062 erit
1115 2007 1391 2077 terribile,
1450 2007 1584 2078 quia

405 2076 530 2130 sine
591 2091 690 2147 spe
735 2076 937 2133 veniae.
999 2077 1055 2135 Si
1110 2084 1299 2136 autem
1350 2079 1581 2149 dicitur,

411 2146 564 2218 quod
591 2150 828 2205 verbum
856 2149 1103 2206 otiosum
1119 2156 1205 2207 est
1231 2152 1384 2223 quod
1412 2150 1587 2207 ratio-

407 2234 483 2274 ne
511 2235 751 2277 vacuum
782 2227 887 2290 est,
920 2237 1054 2294 ergo
1076 2224 1146 2279 de
1176 2239 1241 2279 eo
1274 2239 1386 2278 non
1415 2223 1586 2278 debet

411 2291 611 2360 quaeri,
657 2308 762 2348 nec
814 2298 999 2363 potest
1048 2293 1193 2349 ratio
1237 2293 1394 2348 reddi
1420 2310 1437 2361 3
1485 2310 1581 2349 re-

406 2363 800 2440 spondendum
835 2364 985 2433 quod
1039 2363 1170 2419 licet
1219 2364 1463 2419 otiosum
1508 2363 1585 2420 sit

406 2434 629 2486 ratlone
661 2447 921 2499 vacuum,
954 2437 1146 2488 tamen
1183 2433 1315 2504 quia
1345 2436 1579 2491 verbum

405 2500 603 2583 debuit
632 2502 843 2559 habere
874 2503 1173 2574 rationem,
1206 2505 1331 2561 ideo
1363 2506 1434 2563 de
1462 2508 1579 2578 ipso

406 2578 649 2644 exigitur
678 2575 845 2641 ratic,
875 2575 1095 2633 scilicet
1125 2576 1456 2635 omissionis
1485 2595 1579 2635 ra-

403 2643 594 2727 tioni-s.
628 2648 696 2702 Et
741 2663 808 2704 ex
849 2648 954 2704 hoc
996 2655 1173 2720 patet,
1216 2650 1367 2721 quod
1413 2650 1579 2721 longe

405 2731 588 2788 magis
636 2721 871 2776 verbum
907 2720 1175 2778 nocivum
1211 2728 1266 2777 et
1316 2721 1585 2778 crimino-

406 2804 533 2844 sum
567 2789 774 2846 acriter
812 2790 1100 2862 punietur,
1142 2797 1199 2849 et
1236 2793 1436 2849 reddet
1477 2796 1584 2849 bo·

407 2859 591 2916 mines
633 2859 692 2919 in
734 2861 825 2918 die
859 2862 1056 2934 judicii
1088 2863 1579 2932 condemnabiles3

407 2932 573 3003 quale
613 2937 699 2989 est
733 2936 971 2992 verbum
1010 2951 1228 3001 eorum,
1266 2951 1378 3007 quo
1411 2952 1588 3008 opera

405 3004 441 3060 S
486 3004 647 3062 iritus
708 3007 894 3064 Sancti
952 3007 1447 3065 calumniabantur
1475 3052 1490 3077 ‚
1532 3015 1589 3065 et

408 3074 445 3130 b
471 3080 904 3149 aspbemabant,
940 3080 1193 3136 dicentes
1227 3098 1239 3136 :
1274 3082 1337 3136 In
1369 3081 1589 3136 Beelze-

409 3145 524 3202 bub
553 3148 707 3218 ejicit
735 3150 1035 3207 daemonia.
1058 3154 1124 3207 Et
1144 3152 1252 3220 hic,
1278 3152 1587 3208 secundum

406 3217 819 3285 Hieronymum,
845 3237 1048 3277 sensus
1096 3226 1202 3290 est,
1245 3222 1290 3278 si
1340 3222 1588 3278 otiosum

314 3325 339 3329 ..
409 3288 643 3340 verbum
675 3304 789 3344 non
819 3296 906 3345 est
938 3292 1153 3363 absque
1181 3292 1432 3364 periculo
1463 3294 1587 3363 ejus

413 3354 509 3479 gui
541 3355 807 3438 loquitur.
834 3365 890 3415 et
918 3363 986 3426 si,
1015 3362 1073 3416 in
1099 3363 1190 3417 die
1210 3362 1427 3433 judicii,
1461 3363 1586 3417 red-

454 3430 510 3480 et
541 3441 930 3498 unusqulsque
952 3432 1234 3487 rationem
1256 3448 1588 3489 sermonum
1631 3458 1634 3502 l

409 3511 639 3579 suorum
665 3514 678 3566 ;
703 3505 915 3570 quanto
948 3501 1130 3566 magis
1165 3517 1264 3556 vos
1304 3501 1585 3558 reddituri
1631 3505 1635 3566 l

404 3574 543 3625 estis
569 3569 851 3626 rationem
881 3570 1184 3627 calumniae
1209 3572 1453 3627 vestrae‘?
1484 3574 1586 3628 Ca·
1633 3573 1636 3642 l

402 3645 574 3697 veant
635 3658 772 3713 ergo
821 3642 928 3698 sibi
986 3642 1358 3710 detractores,
1408 3659 1587 3714 opera
1636 3653 1638 3701 l

401 3713 794 3785 proximorum
825 3714 1147 3771 minuentes
1183 3715 1269 3769 vel
1297 3714 1583 3771 infaman—

403 3788 510 3854 tes,
543 3786 782 3842 dicendo
833 3786 930 3843 illa
971 3802 1096 3843 esse
1128 3786 1274 3843 facta
1317 3786 1377 3843 in
1406 3788 1585 3871 hypo·
1641 3784 1642 3826 l

405 3856 557 3927 crisi,
588 3859 673 3915 vel
703 3874 805 3930 pro
842 3874 989 3916 vana
1018 3857 1222 3930 gloria,
1258 3860 1346 3916 vel
1391 3862 1586 3931 aliquo

406 3928 661 3987 indebito
713 3931 860 4001 fine;
919 3936 976 3987 et
1035 3931 1116 3987 ita
1164 3931 1223 3987 in
1272 3932 1588 3988 Beelzebub

402 3999 815 4060 daemoniorum
868 4002 1146 4075 principe.
1188 4002 1243 4060 Si
1291 4003 1464 4073 enim,
1508 4004 1588 4059 ita

400 4072 620 4142 judicat
672 4075 948 4133 Dominus
1003 4076 1073 4133 de
1133 4077 1308 4132 verbo
1362 4076 1584 4142 otioso;

403 4150 615 4211 quanto
642 4147 823 4216 magis
845 4148 913 4202 de
933 4148 1135 4203 nocivo
1161 4152 1218 4203 et
1239 4146 1591 4205 criminoso?

406 4214 477 4268 Ut
528 4222 718 4272 autem
772 4218 909 4273 dicit
962 4218 1115 4274 idem
1160 4221 1525 4288 Hieronymus
1571 4236 1588 4274 ε

405 4301 436 4363 “.
467 4285 722 4342 Otiosum
754 4291 992 4344 verbum
1018 4295 1104 4345 est
1135 4291 1287 4360 quod
1314 4291 1436 4347 sine
1475 4289 1588 4348 uti-

399 4352 557 4434 litate
599 4358 882 4435 loquentis
929 4358 1135 4415 dicitur
1166 4366 1223 4414 et
1252 4361 1585 4429 audientis3

404 4438 476 4493 si,
513 4426 741 4481 omissis
791 4426 979 4496 seriis,
1033 4429 1105 4485 de
1147 4432 1321 4487 rebus
1371 4431 1589 4487 frivolis

1080 472 1301 525 PRIMAE
1356 472 1588 526 PARTIS
1642 472 1852 527 carui·
1909 472 2000 525 Lx
2025 471 2159 524 xlii

1695 584 2019 654 loquamur,
2059 585 2116 637 et
2168 581 2393 639 fabulas
2435 597 2744 642 narremus
2788 599 2902 642 an-

1695 653 1901 725 tiquas.
1937 655 2222 721 Ceterum,
2264 654 2359 726 qui
2395 656 2664 716 scurrilia
2714 656 2905 728 repli-

1697 733 1811 793 cat,
1842 731 1899 782 et
1930 724 2226 781 cachinnis
2252 740 2355 781 ora
2385 725 2669 797 dissolvit,
2703 733 2761 785 et
2794 727 2904 784 ali-

1698 797 1835 869 quid
1858 797 2073 868 profert
2096 796 2491 866 turpitudinis,
2517 797 2607 854 hic
2635 816 2753 855 non
2790 797 2902 855 oti-

1699 869 1779 925 osi
1806 870 2110 936 sermoniS,
2142 868 2243 924 sed
2270 868 2562 926 criminosi
2593 871 2906 927 tenebitur

1701 954 1856 1009 reus;
1903 940 2151 1010 ideoque
2184 939 2243 995 in
2280 942 2589 997 verborum
2627 943 2904 1013 pondere

1700 1011 1962 1084 probatio
2020 1011 2277 1067 consistit
2330 1011 2603 1068 humanae
2653 1013 2810 1070 vitae.
2871 1031 2903 1066 i>

1701 1084 1769 1138 Et
1785 1082 1992 1140 iterum
2011 1099 2025 1137 :
2046 1082 2234 1149 «Quid
2282 1081 2377 1138 uid
2396 1098 2510 1139 nou
2530 1083 2780 1140 aedificat
2798 1101 2909 1140 au-

1701 1154 1944 1221 dientes,
1966 1153 2025 1207 in
2048 1154 2244 1225 pericu
2274 1170 2367 1210 um
2389 1155 2631 1212 vertitur
2657 1156 2904 1212 audien-

1702 1225 1867 1281 tium.
1901 1244 1930 1275 »
1957 1225 2133 1306 ‘Unde
2169 1229 2226 1281 et
2260 1226 2522 1295 Oriqenes
2564 1246 2580 1281 ε
2625 1248 2655 1278 «
2695 1226 2903 1283 Inanis

1703 1304 1789 1353 est
1818 1310 2005 1352 omnis
2033 1310 2245 1364 sermo,
2276 1296 2334 1352 in
2380 1313 2491 1368 quo
2539 1314 2657 1354 non
2685 1304 2772 1354 est
2802 1298 2903 1353 in·

1703 1366 1988 1423 trinsecus
2040 1366 2259 1439 aliquid
2307 1384 2411 1439 pro
2465 1371 2604 1436 De0,
2644 1370 2733 1425 vel
2787 1385 2901 1441 pro

1703 1439 1804 1495 Dei
1826 1438 2116 1495 mandato.
2137 1460 2164 1491 n
2186 1440 2346 1496 Unde
2368 1439 2540 1496 etiam
2558 1442 2864 1508 Greqorius
2883 1457 2901 1492 τ

1707 1532 1737 1561 «
1768 1510 2026 1566 Otiosum
2068 1512 2306 1568 verbum
2342 1516 2429 1566 est
2461 1512 2616 1582 quod
2651 1516 2755 1567 aut
2801 1527 2899 1567 ra-

1704 1580 1862 1638 tione
1888 1583 2055 1654 justae
2089 1581 2467 1649 necessitatis,
2500 1587 2600 1638 aut
2626 1582 2903 1638 intentio-

1705 1668 1779 1708 ne
1810 1651 1917 1724 piae
1945 1652 2203 1707 utilitatis
2233 1657 2408 1707 caret.
2442 1655 2510 1707 Et
2539 1653 2586 1708 si
2616 1654 2687 1710 de
2714 1655 2902 1710 verbo

1705 1724 1888 1779 otioso
1901 1722 2316 1793 etcogitatione
2344 1723 2736 1780 minutissima
2771 1725 2906 1780 red-

1706 1794 1893 1851 denda
1920 1799 2006 1850 est
2032 1792 2176 1848 ratio
2200 1792 2257 1847 in
2277 1792 2369 1848 die
2396 1792 2731 1860 novissimo,
2759 1811 2906 1865 pen-

1705 1865 1944 1921 sandum
1994 1869 2081 1919 est
2118 1868 2337 1946 quanta
2364 1868 2599 1934 peccata
2630 1880 2909 1935 sequan-

1706 1942 1797 2003 tur
1827 1937 2051 1992 multos.
2092 1937 2183 1992 Sic
2222 1934 2381 1990 enim
2426 1937 2573 1992 Deus
2623 1934 2911 1993 uniuscu-

1701 2010 1910 2080 jusque
1941 2006 2061 2064 vias
2090 2005 2433 2075 considerat,
2460 2012 2516 2062 et
2546 2007 2628 2062 sic
2657 2021 2905 2079 gressus

1707 2084 2029 2148 enumerat,
2060 2083 2123 2135 ut
2149 2094 2255 2134 nec
2297 2077 2690 2134 minutissimas
2732 2079 2901 2151 cogi-

1704 2152 1974 2219 tationeS‚
2006 2156 2105 2208 aut
2155 2149 2488 2206 tenuissima
2523 2150 2720 2217 verba,
2754 2165 2899 2220 quae

1704 2222 1855 2304 apud
1896 2238 2001 2278 nos
2040 2221 2347 2291 viluerunt,
2381 2222 2503 2293 ejus
2539 2220 2752 2292 J‘udicio
2799 2221 2896 2277 in-

1703 2295 1961 2348 discussa
2016 2295 2368 2347 remaneant.
2408 2313 2436 2342 »
2494 2293 2652 2348 Unde
2703 2291 2885 2349 etiam

1706 2366 2117 2421 chrysostomus
2147 2381 2164 2417 ε
2196 2382 2223 2415 «
2252 2362 2512 2420 Otiosum
2535 2364 2772 2420 verbum
2798 2363 2887 2419 in-

2045 2450 2150 2491 non
2189 2434 2425 2503 malum,
2455 2435 2556 2490 sed
2588 2434 2741 2505 quod
2785 2436 2893 2491 bo-

2045 2511 2330 2634 o‘peratur,
2370 2505 2428 2561 id
2458 2510 2546 2562 est
2585 2506 2737 2577 quod
2767 2523 2888 2563 non

2045 2595 2054 2633 l
2097 2578 2331 2635 ientem.
2364 2578 2419 2634 Si
2437 2594 2574 2650 ergo
2602 2593 2705 2649 pro
2731 2579 2889 2634 bono

2045 2650 2180 2707 lioso
2213 2651 2492 2706 rationem
2520 2665 2715 2705 sumus
2749 2650 2889 2705 red-

1706 2751 1900 2789 uuuri,
1932 2722 2068 2792 quid
2095 2719 2391 2793 Sfjel'amUS
2422 2721 2491 2776 de
2522 2721 2673 2776 malo
2694 2720 2722 2776 Ῡ
2742 2723 2812 2776 Et
2840 2720 2893 2776 Si

1705 2794 1777 2849 de
1832 2792 1980 2849 malo
2018 2795 2191 2850 verbo
2241 2792 2521 2848 rationem
2561 2791 2751 2847 daturi
2790 2808 2889 2848 su-

1707 2880 1854 2933 mus,
1874 2863 2010 2936 quid
2033 2879 2331 2936 speramus
2351 2864 2423 2919 de
2446 2879 2620 2934 opere
2645 2862 2793 2919 malo
2811 2863 2840 2918 ‘l
2855 2883 2887 2914 »

1706 2938 1829 2992 haec
1854 2938 2286 3006 chrysostomus.
2316 2938 2385 2993 Et
2412 2934 2539 2991 ideo
2571 2934 2895 2991 cavendum

1706 3013 1792 3064 est
1825 3024 1859 3064 a
1884 3008 2074 3065 verbis
2096 3007 2295 3064 otiosis
2324 3014 2380 3063 et
2396 3006 2580 3064 malis,
2597 3010 2685 3062 Ex
2712 3007 2894 3061 verbis

1705 3083 1849 3135 enim
1884 3086 1996 3136 tuis
2026 3080 2072 3135 si
2105 3080 2317 3135 fuerint
2348 3081 2519 3143 bona,
2552 3093 2619 3133 ac
2652 3075 2895 3134 bonitati

1706 3150 1913 3206 mentis
1964 3166 2236 3216 consona,
2270 3153 2324 3204 et
2378 3150 2479 3205 sub
2531 3148 2740 3205 debitis
2778 3148 2891 3204 cir-

1662 3268 1685 3289 .
1705 3221 2062 3279 cumstantiis
2090 3221 2333 3289 prolata,
2369 3219 2797 3287 justificaberis,
2831 3218 2886 3274 id

1705 3299 1791 3348 est
1844 3289 2175 3357 mereberis,
2220 3290 2303 3343 vel
2364 3292 2657 3356 tamquam
2695 3291 2891 3359 justus

1705 3358 2184 3425 remuneraberis;
2212 3363 2282 3425 et,
2307 3374 2337 3413 e
2361 3373 2652 3418 converso,
2677 3375 2748 3413 ea·
2771 3377 2893 3417 ver·

1706 3433 1787 3485 bis
1805 3432 1915 3486 tuis
1932 3429 2396 3491 condemnaberis,
2417 3430 2461 3483 si
2484 3426 2695 3483 fuerint
2713 3434 2891 3502 mala,

1703 3505 1760 3558 et
1792 3499 2079 3571 praedictis
2119 3498 2427 3555 contraria.
2470 3499 2760 3573 Scriptum
2800 3508 2890 3559 est

1703 3570 1852 3629 enim
1876 3567 2059 3642 ‚‘quia
2099 3586 2246 3626 mors
2291 3575 2343 3626 et
2380 3574 2500 3626 vita
2529 3574 2590 3627 in
2632 3574 2890 3629 manibus

1704 3647 1925 3711 linquae.
1956 3645 2022 3697 Et
2073 3640 2202 3698 ideo
2264 3657 2329 3699 ex
2373 3643 2735 3700 sermonibus
2770 3644 2886 3700 tuis

1696 3712 2104 3788 justificaberis
2119 3714 2204 3771 vel
2224 3714 2715 3780 condemnaberis,
2735 3715 2885 3785 quod

1704 3788 1961 3843 omnium
2003 3792 2089 3842 est
2121 3785 2502 3858 justissimum
2536 3803 2549 3841 ε
2582 3785 2795 3843 etenim
2824 3791 2886 3842 tu

1704 3858 1975 3916 dominus
2006 3874 2069 3914 es
2095 3862 2150 3913 et
2181 3857 2431 3925 dicendi,
2459 3862 2515 3913 et
2543 3873 2658 3913 non
2693 3857 2884 3913 dicen-

1702 3931 1781 3987 di.
1815 3931 1974 3987 Unde
2004 3930 2157 3986 idem
2190 3931 2644 4000 chrysostomus:
2677 3946 2705 3981 α
2738 3931 2886 3985 Man-

1702 4008 1926 4059 suetum
1960 4001 2277 4074 judicium!
2325 4003 2448 4057 Non
2478 3999 2633 4056 enim
2667 4015 2733 4056 ex
2765 3999 2883 4067 qui-

1701 4075 1809 4130 bus
1840 4073 1984 4130 alius
2033 4072 2170 4130 dicit
2208 4073 2277 4129 de
2314 4075 2389 4137 te,
2425 4072 2523 4127 sed
2577 4088 2643 4127 ex
2681 4070 2886 4141 quihus

1700 4145 1943 4217 ipsemet
1972 4145 2196 4201 locutus
2235 4160 2316 4211 eS,
2350 4142 2752 4199 calculationes
2780 4144 2882 4198 Ju-

1704 4218 1807 4273 dex
1839 4220 2007 4284 l'eret3
2038 4222 2092 4272 et
2118 4221 2178 4271 tu
2202 4214 2467 4271 dominus
2490 4230 2553 4269 es
2577 4212 2820 4272 «licendi.
2846 4230 2875 4266 »
2921 4242 2934 4252 -

1703 4292 1770 4344 Et
1797 4288 2004 4345 iterum
2035 4304 2048 4342 :
2082 4305 2108 4339 τ(
2144 4285 2538 4357 Unusquisque
2587 4284 2883 4341 hominum

1703 4376 1771 4416 ex
1798 4360 2088 4415 voluntate
2133 4373 2237 4413 sua
2279 4356 2420 4423 sola,
2448 4362 2547 4414 aut
2592 4362 2881 4428 peccator,

1702 4434 1800 4487 aut
1848 4430 2037 4501 justus
2092 4427 2477 4486 constituitur.
2515 4427 2883 4486 Convincitur
