3146 5023
829 429 908 481 DE
961 426 1487 480 TRADITIONIBUS
1541 424 2060 478 PHARISAEORUM.

293 554 320 589 2
356 535 650 590 Pssnvssusffl
676 535 1075 590 PuAn1SAEoRUu
1108 547 1388 589 ‘rit-amno·

2588 424 2676 476 315

1491 536 1584 589 tor
1610 531 1746 588 dicit
1774 550 1787 587 z
1826 535 1935 590 Vos
1968 537 2171 600 autem,
2204 531 2421 588 scilicet
2455 530 2659 588 adver-

221 625 322 662 Nes
366 607 498 661 Lem
550 623 882 662 com-imam.
931 634 1000 646 -
1051 605 1234 672 Unde,
1270 607 1390 675 ipse
1493 603 1696 672 sative,
1747 605 1960 672 dicitis,
2004 603 2061 659 id
2117 607 2203 659 est
2255 602 2316 658 in
2361 602 2671 661 traditione

220 678 553 748 respondens
597 680 682 733 ait
723 680 843 733 illis
890 697 907 732 .·
955 678 1134 745 Quare
1189 680 1240 732 et
1295 690 1392 732 vos
1489 681 1683 733 vestra
1713 675 1857 732 alios
1893 671 2200 743 instruitis,
2252 673 2396 731 falso
2452 673 2670 733 scilicet

222 750 680 817 transqredimini
725 749 1057 805 mandatum
1102 751 1223 817 Dei,
1260 764 1390 818 pro-

218 827 342 893 pter
370 822 726 876 traditionem
743 827 979 876 vestram
996 824 1026 876 ?
1042 819 1215 887 Quasi
1238 818 1391 876 dice-

222 896 334 960 ret,
373 892 685 949 secundum
716 892 965 949 Glossam
997 909 1011 947 z
1046 890 1105 949 Si
1137 907 1236 948 vos
1259 908 1393 948 con-

220 962 479 1021 temnitis
506 964 778 1020 mandata
808 963 908 1020 Dei
936 979 1041 1035 pro
1070 961 1394 1019 traditioni-

211 1037 317 1092 bus
344 1033 662 1105 hominum,
684 1051 860 1106 quare
885 1033 1123 1106 arguitis
1142 1033 1392 1109 discipu-

211 1107 297 1163 los
326 1122 504 1176 meos,
541 1106 637 1177 qui
684 1107 953 1162 mandata
979 1105 1278 1162 hominum
1301 1105 1388 1162 di·-

208 1179 463 1246 mittunt,
482 1182 545 1233 ut
576 1182 860 1249 praecepta
888 1175 988 1233 Dei
1015 1176 1340 1234 custodiant
1360 1176 1390 1233 ‘2

216 1249 286 1305 Et
314 1247 591 1305 Dominus
621 1248 855 1320 quidem
884 1264 1000 1305 non
1028 1248 1393 1320 reprependit

219 1318 565 1376 munditiam
598 1336 698 1376 cor
731 1319 997 1390 'oralcm;
1030 1321 1132 1376 sed
1170 1321 1278 1376 boc
1298 1336 1390 1377 re-

209 1390 534 1464 prehendit,
565 1407 678 1462 quo
722 1433 739 1455 ,
763 1389 963 1447 relicta
991 1389 1270 1448 munditia
1297 1390 1388 1447 in-

205 1461 428 1531 teriori,
462 1464 739 1532 putabant
755 1462 1020 1519 sufficere
1049 1466 1271 1519 tantum
1300 1479 1389 1519 ex-

207 1532 502 1590 teriorem.
524 1534 741 1590 Deinde
774 1535 883 1590 hoc
913 1534 1063 1606 quod
1093 1534 1234 1590 dixit
1261 1550 1389 1606 pro·

212 1605 428 1674 bando,
459 1605 754 1687 subjungit
792 1622 807 1661 :
833 1609 977 1665 Nam
1012 1609 1155 1661 Deus
1184 1607 1337 1661 dixit
1365 1623 1384 1661 .·

217 1681 466 1745 Honora,
499 1676 716 1733 scilicet
735 1677 1060 1734 necessaria
1093 1678 1302 1746 dando,
1330 1681 1391 1733 et

207 1747 594 1805 reverentiam
619 1748 958 1817 exhibendo,
985 1764 1118 1805 nam
1149 1748 1256 1805 iste
1276 1750 1383 1805 ho-

211 1836 321 1876 nor
341 1836 455 1876 non
475 1820 661 1876 solum
675 1819 1016 1891 intelligitur
1035 1819 1382 1891 reverentia,

207 1891 310 1947 sed
332 1891 508 1947 etiam
537 1892 994 1949 necessariorum
1022 1892 1386 1949 administra-

210 1962 313 2027 tio,
362 1969 583 2034 patrem
639 1968 692 2019 et
743 1968 995 2032 matrem,
1050 1963 1113 2019 in
1178 1966 1384 2034 quibus

210 2033 385 2090 etiam
413 2034 704 2105 proximus
734 2033 975 2106 quilibet
1017 2034 1380 2106 intelligitur,

210 2105 310 2161 sed
328 2104 410 2159 illi
430 2104 799 2161 nominantur
813 2105 1015 2176 quibus
1030 2105 1377 2178 obligamur;

201 2180 254 2232 et
282 2195 299 2230 ε
330 2177 437 2243 Qui
463 2177 820 2232 maledimerit
858 2180 1016 2248 patri
1062 2180 1149 2233 vel
1189 2180 1378 2248 matri,

206 2251 471 2303 nontam
526 2249 701 2304 verbo
735 2248 824 2305 vel
867 2248 1053 2320 signo,
1091 2265 1263 2321 quam
1291 2249 1380 2305 fa·

203 2323 316 2383 cto,
362 2323 536 2374 morte
570 2323 863 2378 moriatur.
901 2320 1177 2377 Dominus
1223 2319 1379 2377 enim

204 2389 581 2446 imbecillitati
643 2397 700 2447 et
755 2393 1015 2463 penuriae
1072 2395 1378 2464 parentum

198 2462 524 2530 consulenS,
556 2463 668 2518 hoc
695 2478 799 2534 per
827 2465 1058 2535 Moysen
1083 2463 1374 2547 praecepit,

201 2537 259 2588 et
288 2533 418 2589 ideo
451 2549 535 2589 vae
563 2533 696 2602 illis,
727 2533 821 2604 qui
855 2541 1126 2605 parentes
1160 2537 1379 2592 debiles

199 2603 288 2659 vel
324 2619 605 2674 pauperes
628 2608 1020 2673 contemnunt,
1070 2610 1125 2661 et
1171 2605 1378 2663 debitis

204 2675 517 2746 obsequiis,
550 2673 768 2731 scilicet
796 2675 1122 2733 reverentia
1168 2682 1226 2733 et
1278 2692 1380 2733 ne·-

202 2746 585 2803 cessariorum
610 2746 959 2803 exhibitione
999 2747 1377 2805 defraudant!

203 2819 361 2873 Hanc
403 2823 594 2875 autem
628 2820 836 2900 Legem
875 2818 1153 2875 Pharisaei
1187 2818 1378 2891 cupidi

203 2903 309 2960 per
346 2904 509 2945 suam
549 2889 872 2947 doctrinam
910 2889 1114 2946 falsam
1144 2893 1381 2948 subver-

210 2962 416 3023 tentes,
450 2964 512 3016 ut
557 2975 675 3016 suae
714 2961 968 3017 oevaritiae
993 2961 1379 3032 consulerent,

208 3035 266 3086 et
319 3033 423 3087 sub
463 3031 695 3087 nomine
747 3031 975 3103 pietatis
1030 3031 1382 3104 impietatem

207 3101 563 3169 inducerent,
586 3102 866 3159 docebant
886 3103 1036 3159 filios
1054 3109 1377 3175 parentum,

208 3176 267 3229 et
310 3171 578 3230 dicebant
626 3175 778 3244 quod
839 3174 1043 3231 melius
1077 3180 1201 3231 erat
1231 3177 1381 3232 bona

208 3246 546 3316 parentibus
569 3245 1025 3302 administrando
1046 3248 1162 3303 Deo
1193 3247 1384 3304 favere

209 3320 267 3372 et
303 3317 546 3380 offerre:
579 3322 720 3385 tum,
745 3317 879 3389 quia
899 3323 1002 3385 est,
1033 3323 1195 3390 pater
1222 3318 1381 3390 prin·

209 3386 405 3459 cipalis
426 3394 482 3444 et
515 3387 858 3460 spiritualis3
890 3393 1033 3459 tum,
1061 3390 1217 3461 quia,
1248 3389 1384 3446 licet

208 3472 311 3530 per
339 3461 512 3516 talem
543 3459 891 3517 oblationem
910 3467 1190 3533 ›parentes
1214 3460 1384 3518 susti·

211 3535 414 3586 nerent
448 3530 857 3589 detrimentum
894 3533 1210 3604 corporale,
1244 3548 1384 3589 con-

209 3601 597 3681 sequebantur
617 3606 810 3659 tamen
833 3605 1047 3660 bonum
1067 3604 1383 3686 spirituale,

208 3687 268 3726 1n
297 3675 573 3742 quantum
591 3671 750 3740 illud,
771 3674 923 3743 quod
954 3680 1077 3730 erat
1102 3692 1160 3731 1n
1184 3691 1386 3733 eorum

210 3741 605 3798 necessitatem
640 3744 1108 3814 convertendum,
1139 3748 1256 3802 Deo
1288 3746 1386 3803 os·-

209 3813 520 3869 ferebatur.
550 3815 904 3883 Sequebatur
927 3814 1082 3885 inde,
1108 3818 1262 3888 quod
1283 3813 1384 3873 filii

209 3884 545 3956 parentibus
561 3884 681 3942 suis
704 3887 776 3942 ab
804 3887 886 3942 eis
916 3886 1244 3944 necessaria
1272 3888 1386 3944 exi·

208 3954 470 4082 gentibus
490 3970 558 4012 ea
578 3973 788 4028 negare
809 3964 1061 4029 possent,
1076 3964 1131 4017 et
1149 3959 1384 4017 ditiores

233 4026 561 4097 requentius
582 4028 879 4097 offerrent3
901 4046 969 4086 ex
984 4046 1095 4101 quo
1118 4035 1385 4103 parentes

210 4100 376 4170 egeni
403 4099 639 4168 fiebant,
671 4106 725 4156 et
754 4101 967 4158 oblatio
999 4101 1249 4159 tiliorum
1280 4105 1385 4160 sub

207 4175 484 4241 praetextu
517 4170 807 4242 religionis
838 4172 898 4228 in
927 4172 1084 4229 lucra
1116 4175 1381 4231 sacerdo-

208 4247 330 4297 tum
366 4242 622 4299 cedebat.
665 4244 820 4300 Unde
862 4244 1133 4302 Pharisaei
1170 4245 1385 4303 instru-

209 4313 380 4370 ebant
418 4313 585 4379 filios,
631 4314 767 4387 quid
809 4314 1010 4388 egenis
1048 4317 1383 4389 parentibus

209 4385 639 4456 responderent,
671 4391 727 4444 et
755 4388 862 4445 hoc
889 4393 976 4445 est
1004 4390 1156 4461 quod
1184 4391 1379 4449 Salva·-

1491 748 1826 819 exponendo
1858 747 2192 804 mandatum
2225 745 2326 802 Dei
2365 762 2468 818 pro
2507 747 2667 803 lucro

1488 827 1681 877 vestro
1715 837 1729 875 ι
1764 820 2102 890 Quicumque
2128 818 2364 887 disserit,
2387 817 2446 873 id
2471 822 2556 874 est
2577 814 2666 875 di-

1491 908 1621 949 cere
1650 891 1882 963 poterit,
1910 893 2069 963 patri
2095 891 2185 946 vel
2212 892 2403 958 matri,
2437 905 2470 945 o
2501 894 2668 962 pater

1491 971 1548 1021 et
1579 968 1783 1033 mater,
1807 960 1905 1035 qui
1934 959 2161 1034 indiges
2190 968 2249 1019 et
2276 960 2423 1034 petis
2460 977 2666 1018 munus

1489 1052 1525 1092 a
1548 1051 1662 1105 me,
1691 1050 1889 1090 munus
1915 1035 2293 1105 quodcumque
2336 1038 2418 1090 est
2445 1050 2515 1089 em
2560 1049 2664 1101 me,

1487 1107 1547 1163 id
1576 1111 1664 1163 est
1691 1122 1760 1163 ex
1797 1121 1927 1163 mea
1957 1102 2281 1174 devotione,
2311 1106 2426 1161 Deo
2451 1102 2671 1169 scilicet

1489 1178 1882 1235 consecratum
1906 1181 1964 1234 et
2001 1177 2278 1245 oblatum,
2322 1176 2426 1231 tibi
2460 1177 2660 1246 prode-

1486 1253 1588 1319 rit,
1652 1249 1871 1306 scilicet
1938 1249 2012 1305 ad
2070 1246 2374 1304 utilitatem
2430 1246 2662 1316 animae,

1488 1321 1672 1392 magis
1702 1336 1872 1393 quam
1906 1319 1954 1375 si
1985 1320 2182 1376 darem
2204 1317 2327 1383 tibi,
2405 1317 2497 1374 uia
2524 1324 2663 1374 tunc

1488 1392 1787 1464 prodesset
1826 1390 1932 1449 soli
2005 1391 2252 1462 corpori.
2303 1392 2384 1446 Ve
2412 1431 2426 1459 ,
2474 1394 2666 1461 potest

1486 1464 1602 1537 legi
1648 1462 2057 1535 interrogative
2101 1461 2202 1531 sic,
2247 1477 2445 1517 munus
2486 1462 2667 1544 quod-

1489 1552 1725 1608 cumque
1749 1540 1831 1591 est
1868 1552 1938 1591 em
1967 1551 2071 1601 me,
2102 1533 2160 1589 id
2190 1536 2277 1589 est
2305 1549 2371 1589 ex
2409 1549 2551 1589 meis
2575 1549 2666 1589 re-

1487 1610 1596 1665 bus
1618 1609 1742 1679 jam
1772 1607 2041 1664 devotum
2065 1607 2204 1674 Dee,
2235 1605 2342 1661 tibi
2362 1605 2619 1676 proderit
2640 1604 2670 1660 ‘t

1487 1679 1660 1748 Quasi
1688 1678 1839 1734 dicat
1876 1696 1890 1734 ε
1920 1676 2084 1745 Quod
2119 1675 2249 1732 vovi
2284 1678 2399 1731 Deo
2434 1675 2519 1731 vis
2551 1676 2667 1732 tuis

1490 1752 1687 1808 usibus
1740 1749 2051 1821 applicare,
2102 1752 2159 1804 et
2205 1746 2308 1803 tibi
2350 1747 2669 1818 prodesse?

1486 1822 1676 1891 Absit,
1705 1822 1838 1894 quia
1867 1818 2229 1891 sacrilegium
2250 1819 2487 1883 faceres,
2512 1818 2556 1874 si
2580 1835 2667 1874 ac-

1486 1894 1728 1966 ciperes·
1754 1893 1849 1951 Sic
1879 1892 1986 1949 filii
2015 1891 2282 1948 dicebant
2314 1890 2669 1961 parentibus,

1482 1970 1546 2023 ut
1607 1964 1689 2020 illi
1749 1964 2021 2022 timentes
2061 1962 2321 2034 accipere
2364 1962 2518 2033 quod
2550 1963 2669 2018 Deo

1482 2036 1754 2093 videbant
1800 2037 2212 2107 mancipatum,
2274 2037 2332 2090 et
2384 2029 2668 2103 sacrilegii

1485 2107 1705 2165 crimen
1738 2108 2052 2176 incurrere,
2083 2106 2313 2176 inopem
2343 2106 2524 2175 magis
2556 2104 2671 2160 vel-

1484 2180 1604 2237 lent
1633 2178 1809 2235 vitam
1848 2179 2081 2247 ducere,
2113 2191 2287 2247 quam
2345 2175 2417 2232 de
2474 2191 2667 2231 sacra-

1484 2250 1695 2307 mentis
1729 2250 2052 2306 comedere.
2094 2247 2253 2304 Unde
2291 2250 2380 2302 est
2417 2262 2618 2303 sensus
2651 2263 2666 2303 ε

1480 2324 1830 2393 Quicumque
1857 2322 2092 2389 demerit,
2121 2323 2259 2388 etc.,
2299 2317 2513 2374 scilicet
2542 2317 2666 2374 lici-

1481 2399 1571 2463 te;
1623 2399 1681 2450 et
1741 2395 1893 2451 bene
1939 2395 2130 2464 potest
2185 2389 2378 2447 dicere
2409 2389 2572 2457 illud,
2604 2392 2662 2445 et

1479 2465 1680 2539 implet
1706 2469 2063 2538 praeceptum
2082 2461 2344 2520 divinum
2360 2465 2417 2519 et
2433 2464 2666 2535 Legem,

1479 2542 1537 2595 et
1585 2542 1673 2594 est
1714 2538 1923 2609 dignus
1950 2536 2071 2593 vita
2101 2540 2319 2592 aeterna
2373 2538 2430 2591 et
2485 2549 2668 2605 regno

1479 2609 1754 2665 coelorum
1779 2627 1792 2676 ;
1832 2607 1985 2679 quod
2033 2612 2227 2663 tamen
2283 2608 2373 2660 est
2429 2604 2663 2675 falsum,

1480 2679 1615 2752 quia
1643 2680 1956 2736 secundum
1989 2677 2289 2733 veritatem
2337 2680 2425 2731 est
2479 2681 2664 2731 trans-

1480 2766 1712 2822 gressor
1731 2747 2023 2822 praecepti.
2043 2751 2111 2803 Et
2134 2750 2239 2804 hoc
2259 2749 2347 2803 est
2368 2746 2521 2817 quod
2537 2747 2666 2803 sub-

1475 2821 1738 2895 jungitur
1766 2839 1780 2877 z
1811 2825 1885 2877 Et
1922 2820 2023 2886 sic,
2057 2836 2160 2891 per
2190 2821 2409 2875 vestras
2438 2817 2658 2874 suasio-

1479 2909 1604 2961 nes,
1625 2893 1777 2949 filius
1804 2896 2003 2964 postea
2020 2908 2129 2947 non
2155 2889 2541 2956 honorificabit
2561 2905 2668 2960 pa-

1483 2971 1621 3021 trem
1644 2980 1804 3019 suum
1827 2970 1880 3020 et
1897 2967 2127 3019 matrem
2146 2977 2326 3029 suam,
2352 2960 2492 3016 illud
2554 2959 2666 3016 uod

1481 3040 1606 3092 erat
1639 3034 1869 3093 sibimet
1894 3033 2034 3105 ipsis
2052 3031 2308 3089 debitum
2337 3032 2538 3087 subtra
2579 3046 2674 3087 en-

1480 3107 1577 3175 do;
1593 3111 1644 3163 et
1659 3107 1736 3162 ita
1747 3108 1973 3162 irritum
1983 3106 2199 3173 fecistis
2209 3103 2541 3183 mandatum
2548 3105 2648 3157 Dei
2655 3143 2669 3171 ,

1480 3178 1554 3234 de
1592 3176 1932 3249 parentibus
1967 3175 2183 3234 scilicet
2222 3173 2576 3231 honorandis
2613 3177 2671 3230 et

1481 3248 1895 3317 sustentandiS,
1923 3253 2151 3319 propter
2180 3246 2537 3327 traditionem
2573 3261 2664 3300 ve-

1480 3326 1675 3383 stram.
1706 3320 1765 3376 id
1784 3324 1891 3388 est,
1951 3336 2040 3375 uae
2054 3321 2257 3374 vestrae
2284 3321 2459 3373 servit
2483 3317 2665 3372 avari-

1479 3391 1598 3448 tiae.
1623 3391 1794 3459 Quasi
1817 3393 1899 3448 eis
1961 3391 2135 3447 iceret
2163 3390 2437 3445 Dominus
2464 3405 2479 3443 ι
2505 3390 2663 3445 Man-

1483 3464 1680 3520 datum
1708 3462 1939 3534 pietatis
1959 3459 2223 3519 deseritis
2245 3473 2350 3532 pro
2393 3465 2482 3517 ter
2510 3460 2671 3531 cupi-

1481 3534 1724 3592 ditatem
1760 3534 2088 3607 impietatis.
2133 3532 2243 3589 Sed
2275 3531 2329 3587 vi
2373 3547 2404 3587 e
2445 3546 2519 3586 ne
2558 3532 2666 3586 hac

1483 3606 1843 3675 auctoritate,
1866 3611 1928 3663 ut
1951 3602 2180 3677 plurimi
2210 3602 2447 3665 faciunt.
2470 3602 2668 3657 abuta-

1482 3676 1564 3734 ris
1585 3678 2006 3750 supramodum
2025 3677 2097 3733 de
2120 3675 2293 3731 rebus
2317 3670 2580 3728 Ecclesiae
2609 3675 2669 3728 et

1483 3762 1820 3821 pauperum,
1871 3762 2115 3818 erogans
2170 3743 2520 3817 parentibus·
2582 3742 2667 3823 Ad

1486 3820 1763 3891 majorem
1787 3822 1979 3875 autem
2003 3817 2353 3874 intellectum
2378 3817 2462 3870 est
2484 3829 2668 3869 consi-

1485 3890 1823 3956 derandum,
1849 3888 2000 3960 quod
2027 3893 2191 3960 pater
2218 3900 2320 3957 per
2346 3901 2409 3941 se
2435 3889 2663 3940 tenetur

1484 3961 1621 4019 filiis
1645 3960 1939 4030 providere
1965 3977 1980 4028 3
2009 3961 2144 4031 quia
2163 3965 2250 4014 est
2263 3971 2436 4013 causa
2464 3971 2662 4037 eorum

1485 4038 1762 4106 quantum
1803 4033 1878 4089 ad
1925 4047 2073 4098 esse,
2109 4033 2167 4086 et
2205 4028 2334 4084 ideo
2377 4027 2551 4108 debet
2582 4043 2667 4109 e1s

1484 4104 1901 4162 nutrImentum
1930 4109 1985 4160 et
2026 4103 2456 4159 documentum.
2495 4098 2666 4180 Filius

1484 4184 1678 4234 autem
1710 4180 1939 4232 tenetur
1968 4173 2271 4247 providere
2299 4171 2657 4251 parentibus,

1485 4248 1557 4305 de
1603 4247 1939 4304 necessariis
1984 4261 2085 4318 per
2123 4244 2408 4312 accidens,
2447 4243 2662 4298 scilicet

1485 4319 1533 4377 si
1564 4318 1648 4375 illi
1685 4318 2008 4393 indigeant,
2043 4323 2102 4376 et
2154 4317 2278 4392 ipse
2308 4317 2383 4374 sit
2431 4321 2659 4398 potens·

1484 4391 1554 4449 Et
1582 4390 1737 4463 ideo,
1753 4391 1802 4450 si
1822 4395 1983 4465 pater
2007 4393 2128 4465 jam
2151 4388 2549 4450 necessitatem
2580 4403 2664 4444 m-
