<?xml version="1.0" encoding="UTF-8"?>
<!DOCTYPE html PUBLIC "-//W3C//DTD XHTML 1.0 Transitional//EN"
    "http://www.w3.org/TR/xhtml1/DTD/xhtml1-transitional.dtd">
<html xmlns="http://www.w3.org/1999/xhtml" xml:lang="en" lang="en">
 <head>
  <title>
</title>
<meta http-equiv="Content-Type" content="text/html;charset=utf-8" />
  <meta name='ocr-system' content='tesseract 3.04.00' />
  <meta name='ocr-capabilities' content='ocr_page ocr_carea ocr_par ocr_line ocrx_word'/>
</head>
<body>
  <div class='ocr_page' id='page_1' title='image "./vitajesuchristi02rigogoog_0075.png"; bbox 0 0 3146 5023; ppageno 0'>
   <div class='ocr_carea' id='block_1_1' title="bbox 528 348 2795 421">
    <p class='ocr_par' dir='ltr' id='par_1_1' title="bbox 528 348 2795 421">
     <span class='ocr_line' id='line_1_1' title="bbox 528 348 2795 421; baseline 0.007 -17"><span class='ocrx_word' id='word_1_1' title='bbox 528 353 611 404; x_wconf 83' lang='lat' dir='ltr'>DE</span> <span class='ocrx_word' id='word_1_2' title='bbox 667 348 1163 402; x_wconf 76' lang='lat' dir='ltr'><strong>IMPEDIMssNTIS</strong></span> <span class='ocrx_word' id='word_1_3' title='bbox 1218 352 1711 408; x_wconf 81' lang='lat' dir='ltr'>PERFECTIONIS</span> <span class='ocrx_word' id='word_1_4' title='bbox 1767 358 1843 409; x_wconf 85' lang='grc' dir='ltr'>ΕΤ</span> <span class='ocrx_word' id='word_1_5' title='bbox 1896 359 2212 417; x_wconf 76' lang='lat' dir='ltr'>SEOL&#39;ELAE</span> <span class='ocrx_word' id='word_1_6' title='bbox 2265 360 2560 417; x_wconf 84' lang='lat' dir='ltr'>CHRISTI.</span> <span class='ocrx_word' id='word_1_7' title='bbox 2735 373 2795 421; x_wconf 88' lang='lat'>65</span> 
     </span>
    </p>
   </div>
   <div class='ocr_carea' id='block_1_2' title="bbox 308 457 1519 4368">
    <p class='ocr_par' dir='ltr' id='par_1_2' title="bbox 314 457 1519 2235">
     <span class='ocr_line' id='line_1_2' title="bbox 315 457 1513 536; baseline -0.003 -17"><span class='ocrx_word' id='word_1_8' title='bbox 315 466 563 536; x_wconf 87' lang='lat' dir='ltr'>petuum</span> <span class='ocrx_word' id='word_1_9' title='bbox 595 458 763 515; x_wconf 90' lang='lat' dir='ltr'>mori.</span> <span class='ocrx_word' id='word_1_10' title='bbox 811 457 869 515; x_wconf 87' lang='lat' dir='ltr'>Si</span> <span class='ocrx_word' id='word_1_11' title='bbox 902 457 996 514; x_wconf 90' lang='lat' dir='ltr'>ille</span> <span class='ocrx_word' id='word_1_12' title='bbox 1026 475 1129 530; x_wconf 91' lang='lat' dir='ltr'>pro</span> <span class='ocrx_word' id='word_1_13' title='bbox 1160 459 1326 515; x_wconf 90' lang='lat' dir='ltr'>nobis</span> <span class='ocrx_word' id='word_1_14' title='bbox 1358 477 1513 517; x_wconf 89' lang='lat' dir='ltr'>mor-</span> 
     </span>
     <span class='ocr_line' id='line_1_3' title="bbox 318 530 1519 610; baseline -0.002 -20"><span class='ocrx_word' id='word_1_15' title='bbox 318 538 457 590; x_wconf 86' lang='lat' dir='ltr'>tuus</span> <span class='ocrx_word' id='word_1_16' title='bbox 487 538 597 600; x_wconf 90' lang='lat' dir='ltr'>est,</span> <span class='ocrx_word' id='word_1_17' title='bbox 627 530 726 602; x_wconf 89' lang='lat' dir='ltr'>qui</span> <span class='ocrx_word' id='word_1_18' title='bbox 753 536 1139 610; x_wconf 29' lang='lat' dir='ltr'>nontpoterat,</span> <span class='ocrx_word' id='word_1_19' title='bbox 1163 530 1268 586; x_wconf 91' lang='lat' dir='ltr'>nisi</span> <span class='ocrx_word' id='word_1_20' title='bbox 1303 530 1519 588; x_wconf 80' lang='lat' dir='ltr'>voluis·&#39;</span> 
     </span>
     <span class='ocr_line' id='line_1_4' title="bbox 318 602 1506 675; baseline -0.003 -14"><span class='ocrx_word' id='word_1_21' title='bbox 318 610 431 672; x_wconf 86' lang='lat' dir='ltr'>set,</span> <span class='ocrx_word' id='word_1_22' title='bbox 459 608 680 675; x_wconf 85' lang='lat' dir='ltr'>quanto</span> <span class='ocrx_word' id='word_1_23' title='bbox 734 616 917 670; x_wconf 87' lang='lat' dir='ltr'>mag1s</span> <span class='ocrx_word' id='word_1_24' title='bbox 960 617 1066 656; x_wconf 92' lang='lat' dir='ltr'>nos</span> <span class='ocrx_word' id='word_1_25' title='bbox 1108 617 1210 672; x_wconf 83' lang='lat' dir='ltr'>pro</span> <span class='ocrx_word' id='word_1_26' title='bbox 1261 618 1329 657; x_wconf 92' lang='lat' dir='ltr'>eo</span> <span class='ocrx_word' id='word_1_27' title='bbox 1362 602 1506 659; x_wconf 91' lang='lat' dir='ltr'>mori</span> 
     </span>
     <span class='ocr_line' id='line_1_5' title="bbox 319 671 1507 743; baseline -0.003 -11"><span class='ocrx_word' id='word_1_28' title='bbox 319 676 626 741; x_wconf 77' lang='lat' dir='ltr'>dehemu5‚</span> <span class='ocrx_word' id='word_1_29' title='bbox 654 671 753 743; x_wconf 88' lang='lat' dir='ltr'>qui</span> <span class='ocrx_word' id='word_1_30' title='bbox 783 671 889 727; x_wconf 89' lang='lat' dir='ltr'>etsi</span> <span class='ocrx_word' id='word_1_31' title='bbox 920 673 1203 740; x_wconf 79' lang='lat' dir='ltr'>nolumuS,</span> <span class='ocrx_word' id='word_1_32' title='bbox 1239 675 1507 730; x_wconf 88' lang='lat' dir='ltr'>mortales</span> 
     </span>
     <span class='ocr_line' id='line_1_6' title="bbox 316 742 1506 814; baseline -0.003 -10"><span class='ocrx_word' id='word_1_33' title='bbox 316 751 518 804; x_wconf 79' lang='lat' dir='ltr'>tamen</span> <span class='ocrx_word' id='word_1_34' title='bbox 553 743 795 800; x_wconf 75' lang='lat' dir='ltr'>sumus?</span> <span class='ocrx_word' id='word_1_35' title='bbox 818 742 875 799; x_wconf 85' lang='lat' dir='ltr'>Si</span> <span class='ocrx_word' id='word_1_36' title='bbox 906 743 1179 799; x_wconf 86' lang='lat' dir='ltr'><strong>Dominus</strong></span> <span class='ocrx_word' id='word_1_37' title='bbox 1209 761 1311 814; x_wconf 89' lang='lat' dir='ltr'>pro</span> <span class='ocrx_word' id='word_1_38' title='bbox 1342 761 1506 801; x_wconf 89' lang='lat' dir='ltr'>servo</span> 
     </span>
     <span class='ocr_line' id='line_1_7' title="bbox 319 814 1503 885; baseline -0.003 -11"><span class='ocrx_word' id='word_1_39' title='bbox 319 824 593 875; x_wconf 90' lang='lat' dir='ltr'>mortuus</span> <span class='ocrx_word' id='word_1_40' title='bbox 649 820 758 882; x_wconf 88' lang='lat' dir='ltr'>est,</span> <span class='ocrx_word' id='word_1_41' title='bbox 808 818 865 869; x_wconf 90' lang='lat' dir='ltr'>et</span> <span class='ocrx_word' id='word_1_42' title='bbox 918 815 1028 869; x_wconf 89' lang='lat' dir='ltr'>hoc</span> <span class='ocrx_word' id='word_1_43' title='bbox 1067 814 1190 870; x_wconf 90' lang='lat' dir='ltr'>sine</span> <span class='ocrx_word' id='word_1_44' title='bbox 1244 815 1503 885; x_wconf 77' lang='lat' dir='ltr'>praemio‚</span> 
     </span>
     <span class='ocr_line' id='line_1_8' title="bbox 314 886 1507 962; baseline -0.002 -18"><span class='ocrx_word' id='word_1_45' title='bbox 314 887 535 962; x_wconf 82' lang='lat' dir='ltr'>justius</span> <span class='ocrx_word' id='word_1_46' title='bbox 567 890 657 942; x_wconf 88' lang='lat' dir='ltr'>est</span> <span class='ocrx_word' id='word_1_47' title='bbox 683 891 748 942; x_wconf 90' lang='lat' dir='ltr'>ut</span> <span class='ocrx_word' id='word_1_48' title='bbox 777 901 976 941; x_wconf 89' lang='lat' dir='ltr'>servus</span> <span class='ocrx_word' id='word_1_49' title='bbox 993 901 1096 956; x_wconf 93' lang='lat' dir='ltr'>pro</span> <span class='ocrx_word' id='word_1_50' title='bbox 1120 886 1358 941; x_wconf 85' lang='lat' dir='ltr'>Domino</span> <span class='ocrx_word' id='word_1_51' title='bbox 1390 902 1507 942; x_wconf 90' lang='lat' dir='ltr'>mo·</span> 
     </span>
     <span class='ocr_line' id='line_1_9' title="bbox 315 956 1507 1026; baseline -0.003 -10"><span class='ocrx_word' id='word_1_52' title='bbox 315 960 527 1026; x_wconf 85' lang='lat' dir='ltr'>riatur,</span> <span class='ocrx_word' id='word_1_53' title='bbox 554 964 613 1013; x_wconf 88' lang='lat' dir='ltr'>et</span> <span class='ocrx_word' id='word_1_54' title='bbox 643 958 752 1012; x_wconf 92' lang='lat' dir='ltr'>hoc</span> <span class='ocrx_word' id='word_1_55' title='bbox 791 972 918 1012; x_wconf 82' lang='lat' dir='ltr'>cum</span> <span class='ocrx_word' id='word_1_56' title='bbox 952 956 1217 1025; x_wconf 71' lang='lat' dir='ltr'>praemio!</span> <span class='ocrx_word' id='word_1_57' title='bbox 1257 958 1415 1012; x_wconf 84' lang='lat' dir='ltr'>Unde</span> <span class='ocrx_word' id='word_1_58' title='bbox 1448 962 1507 1013; x_wconf 92' lang='lat' dir='ltr'>et</span> 
     </span>
     <span class='ocr_line' id='line_1_10' title="bbox 315 1027 1503 1099; baseline -0.004 -11"><span class='ocrx_word' id='word_1_59' title='bbox 315 1031 707 1099; x_wconf 69' lang='lat' dir='ltr'>Anqustinus:</span> <span class='ocrx_word' id='word_1_60' title='bbox 731 1029 904 1082; x_wconf 91' lang='lat' dir='ltr'>«Non</span> <span class='ocrx_word' id='word_1_61' title='bbox 930 1027 1179 1083; x_wconf 89' lang='lat' dir='ltr'>habebat</span> <span class='ocrx_word' id='word_1_62' title='bbox 1207 1027 1298 1083; x_wconf 87' lang='lat' dir='ltr'>ille</span> <span class='ocrx_word' id='word_1_63' title='bbox 1326 1044 1503 1098; x_wconf 82' lang='lat' dir='ltr'>quare</span> 
     </span>
     <span class='ocr_line' id='line_1_11' title="bbox 319 1100 1501 1166; baseline -0.003 -8"><span class='ocrx_word' id='word_1_64' title='bbox 319 1108 674 1166; x_wconf 87' lang='lat' dir='ltr'>moreretur,</span> <span class='ocrx_word' id='word_1_65' title='bbox 702 1102 760 1154; x_wconf 89' lang='lat' dir='ltr'>et</span> <span class='ocrx_word' id='word_1_66' title='bbox 786 1103 1045 1153; x_wconf 87' lang='lat' dir='ltr'>mortuus</span> <span class='ocrx_word' id='word_1_67' title='bbox 1067 1105 1185 1166; x_wconf 83' lang='lat' dir='ltr'>est3</span> <span class='ocrx_word' id='word_1_68' title='bbox 1218 1102 1274 1153; x_wconf 88' lang='lat' dir='ltr'>tu</span> <span class='ocrx_word' id='word_1_69' title='bbox 1304 1100 1501 1166; x_wconf 82' lang='lat' dir='ltr'>habeS,</span> 
     </span>
     <span class='ocr_line' id='line_1_12' title="bbox 321 1167 1502 1243; baseline -0.003 -13"><span class='ocrx_word' id='word_1_70' title='bbox 321 1176 384 1230; x_wconf 85' lang='lat' dir='ltr'>et</span> <span class='ocrx_word' id='word_1_71' title='bbox 426 1187 605 1243; x_wconf 84' lang='lat' dir='ltr'>quare</span> <span class='ocrx_word' id='word_1_72' title='bbox 656 1168 801 1225; x_wconf 89' lang='lat' dir='ltr'>mori</span> <span class='ocrx_word' id='word_1_73' title='bbox 846 1167 1220 1240; x_wconf 76' lang='lat' dir='ltr'>dedignaris?</span> <span class='ocrx_word' id='word_1_74' title='bbox 1261 1169 1502 1239; x_wconf 88' lang='lat' dir='ltr'>Dignare</span> 
     </span>
     <span class='ocr_line' id='line_1_13' title="bbox 319 1238 1500 1313; baseline -0.003 -13"><span class='ocrx_word' id='word_1_75' title='bbox 319 1259 492 1313; x_wconf 81' lang='lat' dir='ltr'>aequo</span> <span class='ocrx_word' id='word_1_76' title='bbox 522 1240 718 1297; x_wconf 90' lang='lat' dir='ltr'>ani-mo</span> <span class='ocrx_word' id='word_1_77' title='bbox 753 1238 869 1311; x_wconf 89' lang='lat' dir='ltr'>pati</span> <span class='ocrx_word' id='word_1_78' title='bbox 900 1255 1006 1310; x_wconf 90' lang='lat' dir='ltr'>per</span> <span class='ocrx_word' id='word_1_79' title='bbox 1032 1239 1299 1296; x_wconf 86' lang='lat' dir='ltr'>meritum</span> <span class='ocrx_word' id='word_1_80' title='bbox 1321 1250 1500 1311; x_wconf 87' lang='lat' dir='ltr'>tuum,</span> 
     </span>
     <span class='ocr_line' id='line_1_14' title="bbox 319 1309 1502 1386; baseline -0.002 -17"><span class='ocrx_word' id='word_1_81' title='bbox 319 1313 479 1386; x_wconf 87' lang='lat' dir='ltr'>quod</span> <span class='ocrx_word' id='word_1_82' title='bbox 524 1311 621 1367; x_wconf 91' lang='lat' dir='ltr'>ille</span> <span class='ocrx_word' id='word_1_83' title='bbox 669 1311 782 1382; x_wconf 87' lang='lat' dir='ltr'>pati</span> <span class='ocrx_word' id='word_1_84' title='bbox 836 1309 1104 1381; x_wconf 89' lang='lat' dir='ltr'>dignatus</span> <span class='ocrx_word' id='word_1_85' title='bbox 1135 1318 1238 1379; x_wconf 87' lang='lat' dir='ltr'>est,</span> <span class='ocrx_word' id='word_1_86' title='bbox 1274 1319 1330 1367; x_wconf 92' lang='lat' dir='ltr'>ut</span> <span class='ocrx_word' id='word_1_87' title='bbox 1373 1317 1430 1367; x_wconf 88' lang='lat' dir='ltr'>te</span> <span class='ocrx_word' id='word_1_88' title='bbox 1468 1330 1502 1367; x_wconf 90' lang='lat' dir='ltr'>a</span> 
     </span>
     <span class='ocr_line' id='line_1_15' title="bbox 321 1380 1502 1455; baseline -0.003 -13"><span class='ocrx_word' id='word_1_89' title='bbox 321 1383 680 1455; x_wconf 83' lang='lat' dir='ltr'>sempiterna</span> <span class='ocrx_word' id='word_1_90' title='bbox 718 1387 899 1437; x_wconf 89' lang='lat' dir='ltr'>morte</span> <span class='ocrx_word' id='word_1_91' title='bbox 945 1380 1239 1437; x_wconf 81' lang='lat' dir='ltr'>liberaret.</span> <span class='ocrx_word' id='word_1_92' title='bbox 1278 1403 1303 1433; x_wconf 90' lang='lat'>»</span> <span class='ocrx_word' id='word_1_93' title='bbox 1339 1382 1502 1439; x_wconf 87' lang='lat' dir='ltr'>Circa</span> 
     </span>
     <span class='ocr_line' id='line_1_16' title="bbox 317 1451 1497 1528; baseline -0.002 -18"><span class='ocrx_word' id='word_1_94' title='bbox 317 1454 663 1528; x_wconf 76' lang='lat' dir='ltr'>praedictum</span> <span class='ocrx_word' id='word_1_95' title='bbox 678 1451 1412 1523; x_wconf 71' lang='lat' dir='ltr'>secundumimpedimentu</span> <span class='ocrx_word' id='word_1_96' title='bbox 1423 1470 1497 1521; x_wconf 81' lang='lat' dir='ltr'>ni,</span> 
     </span>
     <span class='ocr_line' id='line_1_17' title="bbox 317 1522 1496 1596; baseline -0.002 -14"><span class='ocrx_word' id='word_1_97' title='bbox 317 1532 467 1582; x_wconf 87' lang='lat' dir='ltr'>nota</span> <span class='ocrx_word' id='word_1_98' title='bbox 497 1525 585 1580; x_wconf 88' lang='lat' dir='ltr'>hic</span> <span class='ocrx_word' id='word_1_99' title='bbox 612 1541 713 1596; x_wconf 93' lang='lat' dir='ltr'>pro</span> <span class='ocrx_word' id='word_1_100' title='bbox 746 1522 1124 1580; x_wconf 59' lang='lat' dir='ltr'>aedificatione</span> <span class='ocrx_word' id='word_1_101' title='bbox 1155 1524 1496 1595; x_wconf 86' lang='lat' dir='ltr'>exemplum.</span> 
     </span>
     <span class='ocr_line' id='line_1_18' title="bbox 318 1595 1501 1666; baseline -0.003 -12"><span class='ocrx_word' id='word_1_102' title='bbox 318 1599 472 1654; x_wconf 88' lang='lat' dir='ltr'>Nam</span> <span class='ocrx_word' id='word_1_103' title='bbox 520 1612 646 1651; x_wconf 92' lang='lat' dir='ltr'>cum</span> <span class='ocrx_word' id='word_1_104' title='bbox 695 1595 926 1666; x_wconf 89' lang='lat' dir='ltr'>quidam</span> <span class='ocrx_word' id='word_1_105' title='bbox 980 1595 1292 1650; x_wconf 85' lang='lat' dir='ltr'>monachus</span> <span class='ocrx_word' id='word_1_106' title='bbox 1322 1596 1501 1650; x_wconf 90' lang='lat' dir='ltr'>devo-</span> 
     </span>
     <span class='ocr_line' id='line_1_19' title="bbox 318 1665 1497 1734; baseline -0.004 -9"><span class='ocrx_word' id='word_1_107' title='bbox 318 1668 481 1725; x_wconf 81' lang='lat' dir='ltr'><strong>tione</strong></span> <span class='ocrx_word' id='word_1_108' title='bbox 512 1673 698 1722; x_wconf 88' lang='lat' dir='ltr'>motus</span> <span class='ocrx_word' id='word_1_109' title='bbox 721 1665 897 1722; x_wconf 83' lang='lat' dir='ltr'>vitam</span> <span class='ocrx_word' id='word_1_110' title='bbox 927 1673 1213 1721; x_wconf 79' lang='lat' dir='ltr'><strong>austeram</strong></span> <span class='ocrx_word' id='word_1_111' title='bbox 1245 1666 1497 1734; x_wconf 88' lang='lat' dir='ltr'>duceret,</span> 
     </span>
     <span class='ocr_line' id='line_1_20' title="bbox 318 1736 1500 1809; baseline -0.003 -14"><span class='ocrx_word' id='word_1_112' title='bbox 318 1744 382 1795; x_wconf 87' lang='lat' dir='ltr'>et</span> <span class='ocrx_word' id='word_1_113' title='bbox 418 1742 691 1809; x_wconf 86' lang='lat' dir='ltr'>parentes</span> <span class='ocrx_word' id='word_1_114' title='bbox 713 1736 821 1805; x_wconf 89' lang='lat' dir='ltr'>sui,</span> <span class='ocrx_word' id='word_1_115' title='bbox 854 1737 961 1792; x_wconf 86' lang='lat' dir='ltr'>hoc</span> <span class='ocrx_word' id='word_1_116' title='bbox 988 1736 1237 1806; x_wconf 81' lang='lat' dir='ltr'>cognite,</span> <span class='ocrx_word' id='word_1_117' title='bbox 1270 1738 1341 1792; x_wconf 90' lang='lat' dir='ltr'>ad</span> <span class='ocrx_word' id='word_1_118' title='bbox 1370 1753 1500 1792; x_wconf 92' lang='lat' dir='ltr'>eum</span> 
     </span>
     <span class='ocr_line' id='line_1_21' title="bbox 318 1808 1498 1880; baseline -0.004 -13"><span class='ocrx_word' id='word_1_119' title='bbox 318 1810 620 1867; x_wconf 82' lang='lat' dir='ltr'>venientes</span> <span class='ocrx_word' id='word_1_120' title='bbox 645 1810 827 1880; x_wconf 88' lang='lat' dir='ltr'>ipsum</span> <span class='ocrx_word' id='word_1_121' title='bbox 848 1823 1019 1878; x_wconf 89' lang='lat' dir='ltr'>super</span> <span class='ocrx_word' id='word_1_122' title='bbox 1035 1808 1141 1862; x_wconf 87' lang='lat' dir='ltr'>hoc</span> <span class='ocrx_word' id='word_1_123' title='bbox 1170 1812 1498 1877; x_wconf 77' lang='lat' dir='ltr'><strong>arguerent,</strong></span> 
     </span>
     <span class='ocr_line' id='line_1_22' title="bbox 320 1878 1501 1950; baseline -0.004 -12"><span class='ocrx_word' id='word_1_124' title='bbox 320 1881 439 1938; x_wconf 82' lang='lat' dir='ltr'>tale</span> <span class='ocrx_word' id='word_1_125' title='bbox 485 1880 569 1936; x_wconf 90' lang='lat' dir='ltr'>eis</span> <span class='ocrx_word' id='word_1_126' title='bbox 619 1879 777 1935; x_wconf 85' lang='lat' dir='ltr'>dedit</span> <span class='ocrx_word' id='word_1_127' title='bbox 823 1894 1181 1950; x_wconf 85' lang='lat' dir='ltr'>responsum,</span> <span class='ocrx_word' id='word_1_128' title='bbox 1240 1878 1395 1933; x_wconf 88' lang='lat' dir='ltr'>cordi</span> <span class='ocrx_word' id='word_1_129' title='bbox 1445 1884 1501 1934; x_wconf 91' lang='lat' dir='ltr'>et</span> 
     </span>
     <span class='ocr_line' id='line_1_23' title="bbox 319 1950 1501 2008; baseline -0.002 -1"><span class='ocrx_word' id='word_1_130' title='bbox 319 1951 621 2008; x_wconf 84' lang='lat' dir='ltr'>memoriae</span> <span class='ocrx_word' id='word_1_131' title='bbox 645 1950 1161 2006; x_wconf 88' lang='lat' dir='ltr'>commendandum</span> <span class='ocrx_word' id='word_1_132' title='bbox 1195 1966 1207 2003; x_wconf 77' lang='lat' dir='ltr'>t</span> <span class='ocrx_word' id='word_1_133' title='bbox 1235 1952 1418 2004; x_wconf 87' lang='lat' dir='ltr'>Tanta</span> <span class='ocrx_word' id='word_1_134' title='bbox 1444 1954 1501 2005; x_wconf 86' lang='lat' dir='ltr'>ct</span> 
     </span>
     <span class='ocr_line' id='line_1_24' title="bbox 316 2019 1495 2090; baseline -0.003 -11"><span class='ocrx_word' id='word_1_135' title='bbox 316 2024 460 2080; x_wconf 77' lang='lat' dir='ltr'>talia</span> <span class='ocrx_word' id='word_1_136' title='bbox 498 2021 712 2089; x_wconf 90' lang='lat' dir='ltr'>audivi,</span> <span class='ocrx_word' id='word_1_137' title='bbox 749 2027 805 2076; x_wconf 91' lang='lat' dir='ltr'>et</span> <span class='ocrx_word' id='word_1_138' title='bbox 837 2019 946 2090; x_wconf 88' lang='lat' dir='ltr'>legi</span> <span class='ocrx_word' id='word_1_139' title='bbox 996 2020 1068 2075; x_wconf 92' lang='lat' dir='ltr'>de</span> <span class='ocrx_word' id='word_1_140' title='bbox 1106 2020 1218 2075; x_wconf 90' lang='lat' dir='ltr'>vita</span> <span class='ocrx_word' id='word_1_141' title='bbox 1257 2026 1495 2089; x_wconf 85' lang='lat' dir='ltr'>aetcrna,</span> 
     </span>
     <span class='ocr_line' id='line_1_25' title="bbox 316 2091 1500 2165; baseline -0.003 -15"><span class='ocrx_word' id='word_1_142' title='bbox 316 2094 475 2165; x_wconf 91' lang='lat' dir='ltr'>quod</span> <span class='ocrx_word' id='word_1_143' title='bbox 532 2109 647 2148; x_wconf 90' lang='lat' dir='ltr'>non</span> <span class='ocrx_word' id='word_1_144' title='bbox 681 2108 818 2148; x_wconf 84' lang='lat' dir='ltr'>curo</span> <span class='ocrx_word' id='word_1_145' title='bbox 866 2095 1140 2162; x_wconf 85' lang='lat' dir='ltr'>quantum</span> <span class='ocrx_word' id='word_1_146' title='bbox 1195 2091 1330 2146; x_wconf 89' lang='lat' dir='ltr'>mihi</span> <span class='ocrx_word' id='word_1_147' title='bbox 1366 2108 1500 2146; x_wconf 89' lang='lat' dir='ltr'>con-</span> 
     </span>
     <span class='ocr_line' id='line_1_26' title="bbox 318 2162 1299 2235; baseline -0.005 -13"><span class='ocrx_word' id='word_1_148' title='bbox 318 2169 456 2233; x_wconf 84' lang='lat' dir='ltr'>stet,</span> <span class='ocrx_word' id='word_1_149' title='bbox 489 2170 547 2219; x_wconf 88' lang='lat' dir='ltr'>et</span> <span class='ocrx_word' id='word_1_150' title='bbox 576 2163 713 2235; x_wconf 91' lang='lat' dir='ltr'>quid</span> <span class='ocrx_word' id='word_1_151' title='bbox 746 2162 1057 2234; x_wconf 83' lang='lat' dir='ltr'>expendam</span> <span class='ocrx_word' id='word_1_152' title='bbox 1086 2177 1190 2232; x_wconf 90' lang='lat' dir='ltr'>pro</span> <span class='ocrx_word' id='word_1_153' title='bbox 1212 2178 1299 2217; x_wconf 84' lang='lat' dir='ltr'>ea.</span> 
     </span>
    </p>

    <p class='ocr_par' dir='ltr' id='par_1_3' title="bbox 316 2237 1500 2580">
     <span class='ocr_line' id='line_1_27' title="bbox 394 2237 1500 2302; baseline -0.004 -11"><span class='ocrx_word' id='word_1_154' title='bbox 394 2241 427 2291; x_wconf 87' lang='lat'><strong>6</strong></span> <span class='ocrx_word' id='word_1_155' title='bbox 455 2237 590 2302; x_wconf 76' lang='lat' dir='ltr'>Quis</span> <span class='ocrx_word' id='word_1_156' title='bbox 614 2252 762 2291; x_wconf 77' lang='lat' dir='ltr'>Auon</span> <span class='ocrx_word' id='word_1_157' title='bbox 777 2250 1060 2289; x_wconf 72' lang='lat' dir='ltr'>PARENTUM</span> <span class='ocrx_word' id='word_1_158' title='bbox 1086 2251 1149 2287; x_wconf 82' lang='lat' dir='ltr'>ET</span> <span class='ocrx_word' id='word_1_159' title='bbox 1175 2250 1353 2288; x_wconf 79' lang='lat' dir='ltr'>ANIMAE</span> <span class='ocrx_word' id='word_1_160' title='bbox 1373 2250 1500 2288; x_wconf 78' lang='lat' dir='ltr'>rno-</span> 
     </span>
     <span class='ocr_line' id='line_1_28' title="bbox 316 2304 1500 2371; baseline -0.003 -8"><span class='ocrx_word' id='word_1_161' title='bbox 316 2324 457 2364; x_wconf 74' lang='lat' dir='ltr'>rmAE</span> <span class='ocrx_word' id='word_1_162' title='bbox 485 2324 524 2362; x_wconf 99' lang='lat' dir='ltr'>A</span> <span class='ocrx_word' id='word_1_163' title='bbox 561 2307 795 2363; x_wconf 74' lang='lat' dir='ltr'>Cums‘ro</span> <span class='ocrx_word' id='word_1_164' title='bbox 840 2322 1190 2360; x_wconf 67' lang='lat' dir='ltr'>memmi-un.</span> <span class='ocrx_word' id='word_1_165' title='bbox 1240 2336 1311 2344; x_wconf 93' lang='lat'>—</span> <span class='ocrx_word' id='word_1_166' title='bbox 1339 2304 1500 2371; x_wconf 90' lang='lat' dir='ltr'>Quod</span> 
     </span>
     <span class='ocr_line' id='line_1_29' title="bbox 319 2376 1499 2437; baseline -0.004 -1"><span class='ocrx_word' id='word_1_167' title='bbox 319 2382 516 2437; x_wconf 86' lang='lat' dir='ltr'>autem</span> <span class='ocrx_word' id='word_1_168' title='bbox 551 2377 689 2433; x_wconf 84' lang='lat' dir='ltr'>dicit</span> <span class='ocrx_word' id='word_1_169' title='bbox 718 2378 1014 2432; x_wconf 72' lang='lat' dir='ltr'>Matthaeus</span> <span class='ocrx_word' id='word_1_170' title='bbox 1061 2376 1131 2430; x_wconf 89' lang='lat' dir='ltr'>de</span> <span class='ocrx_word' id='word_1_171' title='bbox 1163 2392 1273 2430; x_wconf 90' lang='lat' dir='ltr'>non</span> <span class='ocrx_word' id='word_1_172' title='bbox 1303 2391 1499 2431; x_wconf 90' lang='lat' dir='ltr'>amare</span> 
     </span>
     <span class='ocr_line' id='line_1_30' title="bbox 316 2446 1497 2580; baseline -0.004 -75"><span class='ocrx_word' id='word_1_173' title='bbox 316 2453 570 2580; x_wconf 57' lang='lat' dir='ltr'>ffltrem,</span> <span class='ocrx_word' id='word_1_174' title='bbox 612 2453 669 2503; x_wconf 88' lang='lat' dir='ltr'>et</span> <span class='ocrx_word' id='word_1_175' title='bbox 707 2446 1120 2520; x_wconf 79' lang='lat' dir='ltr'>huJuscemodi,</span> <span class='ocrx_word' id='word_1_176' title='bbox 1161 2447 1288 2518; x_wconf 93' lang='lat' dir='ltr'>plus</span> <span class='ocrx_word' id='word_1_177' title='bbox 1326 2462 1497 2516; x_wconf 87' lang='lat' dir='ltr'>quam</span> 
     </span>
    </p>

    <p class='ocr_par' dir='ltr' id='par_1_4' title="bbox 314 2517 1496 3160">
     <span class='ocr_line' id='line_1_31' title="bbox 404 2517 1494 2588; baseline -0.004 -11"><span class='ocrx_word' id='word_1_178' title='bbox 404 2522 647 2587; x_wconf 78' lang='lat' dir='ltr'>ristum,</span> <span class='ocrx_word' id='word_1_179' title='bbox 670 2521 779 2575; x_wconf 87' lang='lat' dir='ltr'>hoc</span> <span class='ocrx_word' id='word_1_180' title='bbox 808 2520 984 2576; x_wconf 85' lang='lat' dir='ltr'>refert</span> <span class='ocrx_word' id='word_1_181' title='bbox 1013 2520 1191 2573; x_wconf 87' lang='lat' dir='ltr'>Lucas</span> <span class='ocrx_word' id='word_1_182' title='bbox 1211 2519 1281 2574; x_wconf 83' lang='lat' dir='ltr'>de</span> <span class='ocrx_word' id='word_1_183' title='bbox 1311 2517 1494 2588; x_wconf 89' lang='lat' dir='ltr'>odire,</span> 
     </span>
     <span class='ocr_line' id='line_1_32' title="bbox 316 2589 1496 2660; baseline -0.004 -11"><span class='ocrx_word' id='word_1_184' title='bbox 316 2591 522 2649; x_wconf 86' lang='lat' dir='ltr'>dicens</span> <span class='ocrx_word' id='word_1_185' title='bbox 551 2609 566 2646; x_wconf 78' lang='lat' dir='ltr'>t</span> <span class='ocrx_word' id='word_1_186' title='bbox 603 2593 668 2648; x_wconf 84' lang='lat' dir='ltr'>Sz·</span> <span class='ocrx_word' id='word_1_187' title='bbox 705 2594 832 2660; x_wconf 81' lang='lat' dir='ltr'>quis</span> <span class='ocrx_word' id='word_1_188' title='bbox 868 2592 1019 2645; x_wconf 84' lang='lat' dir='ltr'>venit</span> <span class='ocrx_word' id='word_1_189' title='bbox 1062 2591 1137 2644; x_wconf 86' lang='lat' dir='ltr'>ad</span> <span class='ocrx_word' id='word_1_190' title='bbox 1186 2606 1290 2657; x_wconf 85' lang='lat' dir='ltr'>me,</span> <span class='ocrx_word' id='word_1_191' title='bbox 1324 2589 1378 2644; x_wconf 86' lang='lat' dir='ltr'>id</span> <span class='ocrx_word' id='word_1_192' title='bbox 1410 2595 1496 2645; x_wconf 86' lang='lat' dir='ltr'>est</span> 
     </span>
     <span class='ocr_line' id='line_1_33' title="bbox 316 2660 1493 2732; baseline -0.004 -13"><span class='ocrx_word' id='word_1_193' title='bbox 316 2663 438 2720; x_wconf 80' lang='lat' dir='ltr'>vult</span> <span class='ocrx_word' id='word_1_194' title='bbox 486 2664 686 2718; x_wconf 85' lang='lat' dir='ltr'>venire</span> <span class='ocrx_word' id='word_1_195' title='bbox 734 2677 835 2732; x_wconf 80' lang='lat' dir='ltr'>per</span> <span class='ocrx_word' id='word_1_196' title='bbox 877 2661 1051 2717; x_wconf 87' lang='lat' dir='ltr'>fidem</span> <span class='ocrx_word' id='word_1_197' title='bbox 1081 2660 1364 2716; x_wconf 91' lang='lat' dir='ltr'>credendo</span> <span class='ocrx_word' id='word_1_198' title='bbox 1405 2660 1493 2715; x_wconf 78' lang='lat' dir='ltr'>vel</span> 
     </span>
     <span class='ocr_line' id='line_1_34' title="bbox 316 2731 1493 2805; baseline -0.003 -14"><span class='ocrx_word' id='word_1_199' title='bbox 316 2738 533 2791; x_wconf 80' lang='lat' dir='ltr'>statum</span> <span class='ocrx_word' id='word_1_200' title='bbox 594 2731 960 2805; x_wconf 83' lang='lat' dir='ltr'>perfectionis</span> <span class='ocrx_word' id='word_1_201' title='bbox 1015 2732 1380 2799; x_wconf 82' lang='lat' dir='ltr'>assumendO,</span> <span class='ocrx_word' id='word_1_202' title='bbox 1441 2736 1493 2787; x_wconf 83' lang='lat' dir='ltr'>et</span> 
     </span>
     <span class='ocr_line' id='line_1_35' title="bbox 316 2805 1495 2875; baseline -0.003 -14"><span class='ocrx_word' id='word_1_203' title='bbox 316 2821 430 2861; x_wconf 83' lang='lat' dir='ltr'>non</span> <span class='ocrx_word' id='word_1_204' title='bbox 469 2805 589 2860; x_wconf 79' lang='lat' dir='ltr'>odit</span> <span class='ocrx_word' id='word_1_205' title='bbox 623 2811 839 2875; x_wconf 79' lang='lat' dir='ltr'>patrem</span> <span class='ocrx_word' id='word_1_206' title='bbox 872 2820 1052 2870; x_wconf 85' lang='lat' dir='ltr'>suum,</span> <span class='ocrx_word' id='word_1_207' title='bbox 1084 2808 1134 2858; x_wconf 86' lang='lat' dir='ltr'>et</span> <span class='ocrx_word' id='word_1_208' title='bbox 1163 2809 1413 2871; x_wconf 83' lang='lat' dir='ltr'>matrem,</span> <span class='ocrx_word' id='word_1_209' title='bbox 1443 2806 1495 2857; x_wconf 83' lang='lat' dir='ltr'>et</span> 
     </span>
     <span class='ocr_line' id='line_1_36' title="bbox 315 2877 1491 2946; baseline -0.003 -14"><span class='ocrx_word' id='word_1_210' title='bbox 315 2892 519 2943; x_wconf 73' lang='lat' dir='ltr'>umore,</span> <span class='ocrx_word' id='word_1_211' title='bbox 544 2881 654 2930; x_wconf 85' lang='lat' dir='ltr'>met</span> <span class='ocrx_word' id='word_1_212' title='bbox 672 2878 836 2946; x_wconf 68' lang='lat' dir='ltr'>filioS,</span> <span class='ocrx_word' id='word_1_213' title='bbox 861 2880 912 2930; x_wconf 82' lang='lat' dir='ltr'>et</span> <span class='ocrx_word' id='word_1_214' title='bbox 939 2877 1164 2943; x_wconf 81' lang='lat' dir='ltr'>fratres,</span> <span class='ocrx_word' id='word_1_215' title='bbox 1188 2879 1239 2929; x_wconf 87' lang='lat' dir='ltr'>et</span> <span class='ocrx_word' id='word_1_216' title='bbox 1261 2889 1491 2940; x_wconf 66' lang='lat' dir='ltr'>soi-orca,</span> 
     </span>
     <span class='ocr_line' id='line_1_37' title="bbox 315 2943 1495 3012; baseline -0.004 -9"><span class='ocrx_word' id='word_1_217' title='bbox 315 2947 509 3003; x_wconf 76' lang='lat' dir='ltr'>adhuc</span> <span class='ocrx_word' id='word_1_218' title='bbox 537 2951 720 3001; x_wconf 78' lang='lat' dir='ltr'>autem</span> <span class='ocrx_word' id='word_1_219' title='bbox 749 2952 800 3002; x_wconf 84' lang='lat' dir='ltr'>et</span> <span class='ocrx_word' id='word_1_220' title='bbox 841 2949 1082 3001; x_wconf 82' lang='lat' dir='ltr'>animam</span> <span class='ocrx_word' id='word_1_221' title='bbox 1109 2962 1288 3012; x_wconf 80' lang='lat' dir='ltr'>suam,</span> <span class='ocrx_word' id='word_1_222' title='bbox 1321 2943 1379 2999; x_wconf 91' lang='lat' dir='ltr'>id</span> <span class='ocrx_word' id='word_1_223' title='bbox 1409 2947 1495 2999; x_wconf 85' lang='lat' dir='ltr'>cst</span> 
     </span>
     <span class='ocr_line' id='line_1_38' title="bbox 314 3016 1493 3087; baseline -0.005 -11"><span class='ocrx_word' id='word_1_224' title='bbox 314 3016 758 3087; x_wconf 82' lang='lat' dir='ltr'>animalitatem,</span> <span class='ocrx_word' id='word_1_225' title='bbox 782 3022 837 3072; x_wconf 93' lang='lat' dir='ltr'>et</span> <span class='ocrx_word' id='word_1_226' title='bbox 867 3016 1039 3073; x_wconf 86' lang='lat' dir='ltr'>vitam</span> <span class='ocrx_word' id='word_1_227' title='bbox 1061 3016 1364 3071; x_wconf 81' lang='lat' dir='ltr'>animalem</span> <span class='ocrx_word' id='word_1_228' title='bbox 1393 3031 1493 3070; x_wconf 89' lang='lat' dir='ltr'>seu</span> 
     </span>
     <span class='ocr_line' id='line_1_39' title="bbox 314 3088 1495 3160; baseline -0.003 -15"><span class='ocrx_word' id='word_1_229' title='bbox 314 3088 705 3160; x_wconf 78' lang='lat' dir='ltr'>corporalem,</span> <span class='ocrx_word' id='word_1_230' title='bbox 740 3104 867 3145; x_wconf 91' lang='lat' dir='ltr'>eam</span> <span class='ocrx_word' id='word_1_231' title='bbox 898 3088 1319 3143; x_wconf 88' lang='lat' dir='ltr'>contemnendo</span> <span class='ocrx_word' id='word_1_232' title='bbox 1366 3101 1495 3156; x_wconf 90' lang='lat' dir='ltr'>pro-</span> 
     </span>
    </p>

    <p class='ocr_par' dir='ltr' id='par_1_5' title="bbox 308 3157 1499 4368">
     <span class='ocr_line' id='line_1_40' title="bbox 356 3157 1496 3230; baseline -0.004 -15"><span class='ocrx_word' id='word_1_233' title='bbox 356 3165 448 3216; x_wconf 87' lang='lat' dir='ltr'>ter</span> <span class='ocrx_word' id='word_1_234' title='bbox 500 3162 703 3227; x_wconf 89' lang='lat' dir='ltr'>Deum,</span> <span class='ocrx_word' id='word_1_235' title='bbox 760 3163 993 3230; x_wconf 89' lang='lat' dir='ltr'>paratus</span> <span class='ocrx_word' id='word_1_236' title='bbox 1042 3174 1190 3227; x_wconf 88' lang='lat' dir='ltr'>eam,</span> <span class='ocrx_word' id='word_1_237' title='bbox 1251 3157 1297 3213; x_wconf 90' lang='lat' dir='ltr'>si</span> <span class='ocrx_word' id='word_1_238' title='bbox 1351 3172 1496 3227; x_wconf 92' lang='lat' dir='ltr'>opus</span> 
     </span>
     <span class='ocr_line' id='line_1_41' title="bbox 342 3228 1496 3301; baseline -0.004 -14"><span class='ocrx_word' id='word_1_239' title='bbox 342 3230 518 3299; x_wconf 80' lang='lat' dir='ltr'>uerit,</span> <span class='ocrx_word' id='word_1_240' title='bbox 548 3246 654 3301; x_wconf 90' lang='lat' dir='ltr'>pro</span> <span class='ocrx_word' id='word_1_241' title='bbox 701 3230 814 3286; x_wconf 84' lang='lat' dir='ltr'>fide</span> <span class='ocrx_word' id='word_1_242' title='bbox 848 3246 1157 3301; x_wconf 81' lang='lat' dir='ltr'>exponere,</span> <span class='ocrx_word' id='word_1_243' title='bbox 1191 3234 1247 3284; x_wconf 88' lang='lat' dir='ltr'>et</span> <span class='ocrx_word' id='word_1_244' title='bbox 1282 3228 1496 3298; x_wconf 89' lang='lat' dir='ltr'>eligens</span> 
     </span>
     <span class='ocr_line' id='line_1_42' title="bbox 313 3301 1494 3373; baseline -0.005 -14"><span class='ocrx_word' id='word_1_245' title='bbox 313 3301 504 3359; x_wconf 87' lang='lat' dir='ltr'>occidi</span> <span class='ocrx_word' id='word_1_246' title='bbox 534 3301 724 3373; x_wconf 87' lang='lat' dir='ltr'>potius</span> <span class='ocrx_word' id='word_1_247' title='bbox 753 3316 922 3372; x_wconf 90' lang='lat' dir='ltr'>quam</span> <span class='ocrx_word' id='word_1_248' title='bbox 949 3301 1007 3356; x_wconf 92' lang='lat' dir='ltr'>in</span> <span class='ocrx_word' id='word_1_249' title='bbox 1028 3303 1207 3356; x_wconf 89' lang='lat' dir='ltr'>Deum</span> <span class='ocrx_word' id='word_1_250' title='bbox 1238 3315 1494 3371; x_wconf 85' lang='lat' dir='ltr'>peccare,</span> 
     </span>
     <span class='ocr_line' id='line_1_43' title="bbox 314 3368 1498 3445; baseline -0.006 -15"><span class='ocrx_word' id='word_1_251' title='bbox 314 3374 445 3445; x_wconf 84' lang='lat' dir='ltr'>ejus</span> <span class='ocrx_word' id='word_1_252' title='bbox 481 3372 895 3444; x_wconf 83' lang='lat' dir='ltr'>acquiescendo</span> <span class='ocrx_word' id='word_1_253' title='bbox 933 3371 1231 3428; x_wconf 84' lang='lat' dir='ltr'>desideriis</span> <span class='ocrx_word' id='word_1_254' title='bbox 1261 3368 1498 3426; x_wconf 84' lang='lat' dir='ltr'>carnali-</span> 
     </span>
     <span class='ocr_line' id='line_1_44' title="bbox 313 3443 1494 3515; baseline -0.005 -14"><span class='ocrx_word' id='word_1_255' title='bbox 313 3445 447 3512; x_wconf 59' lang='lat' dir='ltr'>bus»,</span> <span class='ocrx_word' id='word_1_256' title='bbox 479 3461 590 3500; x_wconf 81' lang='lat' dir='ltr'>non</span> <span class='ocrx_word' id='word_1_257' title='bbox 619 3449 797 3515; x_wconf 83' lang='lat' dir='ltr'>potest</span> <span class='ocrx_word' id='word_1_258' title='bbox 833 3459 983 3499; x_wconf 82' lang='lat' dir='ltr'>meus</span> <span class='ocrx_word' id='word_1_259' title='bbox 1015 3459 1128 3498; x_wconf 82' lang='lat' dir='ltr'>esse</span> <span class='ocrx_word' id='word_1_260' title='bbox 1159 3443 1494 3513; x_wconf 69' lang='lat' dir='ltr'>discipulus,</span> 
     </span>
     <span class='ocr_line' id='line_1_45' title="bbox 315 3513 1497 3588; baseline -0.005 -16"><span class='ocrx_word' id='word_1_261' title='bbox 315 3516 476 3588; x_wconf 88' lang='lat' dir='ltr'>quod</span> <span class='ocrx_word' id='word_1_262' title='bbox 531 3515 696 3571; x_wconf 84' lang='lat' dir='ltr'>valde</span> <span class='ocrx_word' id='word_1_263' title='bbox 733 3516 1073 3571; x_wconf 89' lang='lat' dir='ltr'>damnosum</span> <span class='ocrx_word' id='word_1_264' title='bbox 1105 3517 1211 3580; x_wconf 86' lang='lat' dir='ltr'>est,</span> <span class='ocrx_word' id='word_1_265' title='bbox 1243 3513 1375 3583; x_wconf 88' lang='lat' dir='ltr'>quia</span> <span class='ocrx_word' id='word_1_266' title='bbox 1411 3516 1497 3567; x_wconf 87' lang='lat' dir='ltr'>est</span> 
     </span>
     <span class='ocr_line' id='line_1_46' title="bbox 316 3582 1494 3656; baseline -0.008 -10"><span class='ocrx_word' id='word_1_267' title='bbox 316 3590 569 3654; x_wconf 69' lang='lat' dir='ltr'>VeritaS,</span> <span class='ocrx_word' id='word_1_268' title='bbox 590 3590 648 3642; x_wconf 85' lang='lat' dir='ltr'>et</span> <span class='ocrx_word' id='word_1_269' title='bbox 659 3602 791 3642; x_wconf 89' lang='lat' dir='ltr'>vera</span> <span class='ocrx_word' id='word_1_270' title='bbox 806 3587 988 3642; x_wconf 88' lang='lat' dir='ltr'>docet.</span> <span class='ocrx_word' id='word_1_271' title='bbox 1004 3583 1336 3656; x_wconf 55' lang='lat' dir='ltr'>Nonjdicere</span> <span class='ocrx_word' id='word_1_272' title='bbox 1356 3582 1494 3653; x_wconf 91' lang='lat' dir='ltr'>vult,</span> 
     </span>
     <span class='ocr_line' id='line_1_47' title="bbox 315 3654 1495 3729; baseline -0.004 -15"><span class='ocrx_word' id='word_1_273' title='bbox 315 3658 476 3729; x_wconf 89' lang='lat' dir='ltr'>quod</span> <span class='ocrx_word' id='word_1_274' title='bbox 525 3657 976 3729; x_wconf 89' lang='lat' dir='ltr'>propinquorum</span> <span class='ocrx_word' id='word_1_275' title='bbox 1028 3661 1292 3712; x_wconf 86' lang='lat' dir='ltr'>naturam</span> <span class='ocrx_word' id='word_1_276' title='bbox 1333 3654 1495 3710; x_wconf 89' lang='lat' dir='ltr'>odia·</span> 
     </span>
     <span class='ocr_line' id='line_1_48' title="bbox 312 3726 1496 3800; baseline -0.004 -15"><span class='ocrx_word' id='word_1_277' title='bbox 312 3744 472 3797; x_wconf 71' lang='lat' dir='ltr'>mm,</span> <span class='ocrx_word' id='word_1_278' title='bbox 507 3729 607 3784; x_wconf 90' lang='lat' dir='ltr'>sed</span> <span class='ocrx_word' id='word_1_279' title='bbox 636 3745 705 3785; x_wconf 92' lang='lat' dir='ltr'>ea</span> <span class='ocrx_word' id='word_1_280' title='bbox 745 3728 949 3800; x_wconf 89' lang='lat' dir='ltr'>quibus</span> <span class='ocrx_word' id='word_1_281' title='bbox 987 3727 1153 3784; x_wconf 88' lang='lat' dir='ltr'>nobis</span> <span class='ocrx_word' id='word_1_282' title='bbox 1190 3730 1246 3781; x_wconf 93' lang='lat' dir='ltr'>in</span> <span class='ocrx_word' id='word_1_283' title='bbox 1291 3726 1496 3781; x_wconf 90' lang='lat' dir='ltr'>itinere</span> 
     </span>
     <span class='ocr_line' id='line_1_49' title="bbox 316 3796 1495 3869; baseline -0.004 -13"><span class='ocrx_word' id='word_1_284' title='bbox 316 3800 418 3856; x_wconf 89' lang='lat' dir='ltr'>Dei</span> <span class='ocrx_word' id='word_1_285' title='bbox 452 3798 757 3869; x_wconf 84' lang='lat' dir='ltr'>obsistunt,</span> <span class='ocrx_word' id='word_1_286' title='bbox 786 3805 841 3856; x_wconf 89' lang='lat' dir='ltr'>et</span> <span class='ocrx_word' id='word_1_287' title='bbox 893 3816 997 3855; x_wconf 90' lang='lat' dir='ltr'>nos</span> <span class='ocrx_word' id='word_1_288' title='bbox 1046 3796 1384 3869; x_wconf 84' lang='lat' dir='ltr'>impediunt,</span> <span class='ocrx_word' id='word_1_289' title='bbox 1422 3812 1495 3852; x_wconf 91' lang='lat' dir='ltr'>ne</span> 
     </span>
     <span class='ocr_line' id='line_1_50' title="bbox 315 3868 1494 3929; baseline -0.004 -1"><span class='ocrx_word' id='word_1_290' title='bbox 315 3870 393 3928; x_wconf 84' lang='lat' dir='ltr'>ad</span> <span class='ocrx_word' id='word_1_291' title='bbox 423 3870 714 3929; x_wconf 74' lang='lat' dir='ltr'>Christum</span> <span class='ocrx_word' id='word_1_292' title='bbox 756 3872 871 3927; x_wconf 89' lang='lat' dir='ltr'>fide</span> <span class='ocrx_word' id='word_1_293' title='bbox 904 3876 961 3927; x_wconf 90' lang='lat' dir='ltr'>et</span> <span class='ocrx_word' id='word_1_294' title='bbox 990 3869 1227 3926; x_wconf 87' lang='lat' dir='ltr'>caritate</span> <span class='ocrx_word' id='word_1_295' title='bbox 1259 3868 1494 3925; x_wconf 84' lang='lat' dir='ltr'>acceda-</span> 
     </span>
     <span class='ocr_line' id='line_1_51' title="bbox 313 3940 1495 4007; baseline -0.003 -9"><span class='ocrx_word' id='word_1_296' title='bbox 313 3958 470 3998; x_wconf 80' lang='lat' dir='ltr'>mus,</span> <span class='ocrx_word' id='word_1_297' title='bbox 504 3942 701 3998; x_wconf 88' lang='lat' dir='ltr'>Nullus</span> <span class='ocrx_word' id='word_1_298' title='bbox 730 3942 883 3998; x_wconf 90' lang='lat' dir='ltr'>enim</span> <span class='ocrx_word' id='word_1_299' title='bbox 904 3941 1035 3997; x_wconf 88' lang='lat' dir='ltr'>odio</span> <span class='ocrx_word' id='word_1_300' title='bbox 1058 3946 1145 3997; x_wconf 89' lang='lat' dir='ltr'>est</span> <span class='ocrx_word' id='word_1_301' title='bbox 1175 3940 1495 4007; x_wconf 83' lang='lat' dir='ltr'>habenduS,</span> 
     </span>
     <span class='ocr_line' id='line_1_52' title="bbox 310 4013 1494 4070; baseline -0.005 0"><span class='ocrx_word' id='word_1_302' title='bbox 310 4013 543 4070; x_wconf 89' lang='lat' dir='ltr'>etiamsi</span> <span class='ocrx_word' id='word_1_303' title='bbox 591 4013 662 4069; x_wconf 87' lang='lat' dir='ltr'>sit</span> <span class='ocrx_word' id='word_1_304' title='bbox 716 4013 918 4070; x_wconf 78' lang='lat' dir='ltr'>maluS.</span> <span class='ocrx_word' id='word_1_305' title='bbox 984 4013 1144 4069; x_wconf 92' lang='lat' dir='ltr'>Unde</span> <span class='ocrx_word' id='word_1_306' title='bbox 1198 4014 1417 4067; x_wconf 82' lang='lat' dir='ltr'>Boetius</span> <span class='ocrx_word' id='word_1_307' title='bbox 1477 4028 1494 4064; x_wconf 74' lang='grc' dir='ltr'><strong><em>ε</em></strong></span> 
     </span>
     <span class='ocr_line' id='line_1_53' title="bbox 315 4081 1496 4157; baseline -0.001 -20"><span class='ocrx_word' id='word_1_308' title='bbox 315 4106 348 4137; x_wconf 74' lang='grc' dir='ltr'><strong>α</strong></span> <span class='ocrx_word' id='word_1_309' title='bbox 374 4086 547 4157; x_wconf 85' lang='lat' dir='ltr'>Apud</span> <span class='ocrx_word' id='word_1_310' title='bbox 574 4084 861 4156; x_wconf 84' lang='lat' dir='ltr'>sapientes</span> <span class='ocrx_word' id='word_1_311' title='bbox 891 4085 1081 4140; x_wconf 89' lang='lat' dir='ltr'>nullus</span> <span class='ocrx_word' id='word_1_312' title='bbox 1108 4099 1344 4155; x_wconf 91' lang='lat' dir='ltr'>prorsus</span> <span class='ocrx_word' id='word_1_313' title='bbox 1365 4081 1496 4138; x_wconf 89' lang='lat' dir='ltr'>odio</span> 
     </span>
     <span class='ocr_line' id='line_1_54' title="bbox 310 4150 1499 4228; baseline -0.004 -16"><span class='ocrx_word' id='word_1_314' title='bbox 310 4155 479 4214; x_wconf 88' lang='lat' dir='ltr'>locus</span> <span class='ocrx_word' id='word_1_315' title='bbox 533 4156 882 4228; x_wconf 67' lang='lat' dir='ltr'>relinquitur</span> <span class='ocrx_word' id='word_1_316' title='bbox 915 4198 930 4225; x_wconf 91' lang='lat'>‚</span> <span class='ocrx_word' id='word_1_317' title='bbox 969 4171 1104 4211; x_wconf 87' lang='lat' dir='ltr'>nam</span> <span class='ocrx_word' id='word_1_318' title='bbox 1158 4156 1340 4211; x_wconf 90' lang='lat' dir='ltr'>bonos</span> <span class='ocrx_word' id='word_1_319' title='bbox 1371 4150 1499 4223; x_wconf 87' lang='lat' dir='ltr'>quis</span> 
     </span>
     <span class='ocr_line' id='line_1_55' title="bbox 311 4226 1498 4296; baseline -0.005 -13"><span class='ocrx_word' id='word_1_320' title='bbox 311 4227 426 4284; x_wconf 85' lang='lat' dir='ltr'>nisi</span> <span class='ocrx_word' id='word_1_321' title='bbox 470 4227 847 4284; x_wconf 87' lang='lat' dir='ltr'>stultissimus</span> <span class='ocrx_word' id='word_1_322' title='bbox 902 4227 1109 4296; x_wconf 90' lang='lat' dir='ltr'>oderit,</span> <span class='ocrx_word' id='word_1_323' title='bbox 1154 4226 1337 4281; x_wconf 85' lang='lat' dir='ltr'>malos</span> <span class='ocrx_word' id='word_1_324' title='bbox 1364 4239 1498 4279; x_wconf 88' lang='lat' dir='ltr'>vero</span> 
     </span>
     <span class='ocr_line' id='line_1_56' title="bbox 308 4292 1497 4368; baseline -0.005 -13"><span class='ocrx_word' id='word_1_325' title='bbox 308 4299 532 4368; x_wconf 86' lang='lat' dir='ltr'>odisse,</span> <span class='ocrx_word' id='word_1_326' title='bbox 585 4298 808 4355; x_wconf 89' lang='lat' dir='ltr'>ratione</span> <span class='ocrx_word' id='word_1_327' title='bbox 862 4304 1017 4356; x_wconf 89' lang='lat' dir='ltr'>caret</span> <span class='ocrx_word' id='word_1_328' title='bbox 1058 4316 1071 4354; x_wconf 74' lang='grc' dir='ltr'>ε</span> <span class='ocrx_word' id='word_1_329' title='bbox 1129 4313 1260 4354; x_wconf 90' lang='lat' dir='ltr'>nam</span> <span class='ocrx_word' id='word_1_330' title='bbox 1320 4294 1367 4351; x_wconf 92' lang='lat' dir='ltr'>si</span> <span class='ocrx_word' id='word_1_331' title='bbox 1419 4292 1497 4350; x_wconf 89' lang='lat' dir='ltr'>uti</span> 
     </span>
    </p>
   </div>
   <div class='ocr_carea' id='block_1_3' title="bbox 475 4393 1368 4460">
    <p class='ocr_par' dir='ltr' id='par_1_6' title="bbox 475 4393 1368 4460">
     <span class='ocr_line' id='line_1_57' title="bbox 475 4393 1368 4460; baseline -0.004 -13"><span class='ocrx_word' id='word_1_332' title='bbox 475 4396 620 4447; x_wconf 73' lang='lat' dir='ltr'>Vri-A</span> <span class='ocrx_word' id='word_1_333' title='bbox 651 4396 784 4447; x_wconf 75' lang='lat' dir='ltr'>Jasu</span> <span class='ocrx_word' id='word_1_334' title='bbox 817 4396 1056 4460; x_wconf 73' lang='lat' dir='ltr'>Cumsn,</span> <span class='ocrx_word' id='word_1_335' title='bbox 1089 4408 1261 4446; x_wconf 69' lang='lat' dir='ltr'>’tonus</span> <span class='ocrx_word' id='word_1_336' title='bbox 1293 4393 1368 4444; x_wconf 86' lang='lat'>11.</span> 
     </span>
    </p>
   </div>
   <div class='ocr_carea' id='block_1_4' title="bbox 1595 463 2793 4365">
    <p class='ocr_par' dir='ltr' id='par_1_7' title="bbox 1595 463 2793 3792">
     <span class='ocr_line' id='line_1_58' title="bbox 1618 463 2793 545; baseline 0.008 -27"><span class='ocrx_word' id='word_1_337' title='bbox 1618 479 1921 534; x_wconf 89' lang='lat' dir='ltr'>corporum</span> <span class='ocrx_word' id='word_1_338' title='bbox 1943 463 2204 545; x_wconf 82' lang='lat' dir='ltr'>languor,</span> <span class='ocrx_word' id='word_1_339' title='bbox 2241 464 2320 521; x_wconf 89' lang='lat' dir='ltr'>ita</span> <span class='ocrx_word' id='word_1_340' title='bbox 2346 466 2626 526; x_wconf 83' lang='lat' dir='ltr'>vitiositas</span> <span class='ocrx_word' id='word_1_341' title='bbox 2668 472 2793 543; x_wconf 87' lang='lat' dir='ltr'>qui-</span> 
     </span>
     <span class='ocr_line' id='line_1_59' title="bbox 1618 533 2791 611; baseline 0.009 -22"><span class='ocrx_word' id='word_1_342' title='bbox 1618 533 1749 589; x_wconf 94' lang='lat' dir='ltr'>dem</span> <span class='ocrx_word' id='word_1_343' title='bbox 1804 540 1888 589; x_wconf 90' lang='lat' dir='ltr'>est</span> <span class='ocrx_word' id='word_1_344' title='bbox 1947 551 2106 605; x_wconf 75' lang='lat' dir='ltr'>quast</span> <span class='ocrx_word' id='word_1_345' title='bbox 2159 539 2394 593; x_wconf 82' lang='lat' dir='ltr'>morbus</span> <span class='ocrx_word' id='word_1_346' title='bbox 2443 540 2791 611; x_wconf 88' lang='lat' dir='ltr'>animorum,</span> 
     </span>
     <span class='ocr_line' id='line_1_60' title="bbox 1617 608 2792 686; baseline 0.009 -26"><span class='ocrx_word' id='word_1_347' title='bbox 1617 621 1746 686; x_wconf 80' lang='lat' dir='ltr'>cum</span> <span class='ocrx_word' id='word_1_348' title='bbox 1790 621 1974 676; x_wconf 83' lang='lat' dir='ltr'>aegros</span> <span class='ocrx_word' id='word_1_349' title='bbox 2014 621 2251 677; x_wconf 86' lang='lat' dir='ltr'>corpore</span> <span class='ocrx_word' id='word_1_350' title='bbox 2305 608 2537 666; x_wconf 88' lang='lat' dir='ltr'>minime</span> <span class='ocrx_word' id='word_1_351' title='bbox 2589 613 2643 668; x_wconf 91' lang='lat' dir='ltr'>di</span> <span class='ocrx_word' id='word_1_352' title='bbox 2691 631 2792 671; x_wconf 89' lang='lat' dir='ltr'>nos</span> 
     </span>
     <span class='ocr_line' id='line_1_61' title="bbox 1618 675 2793 754; baseline 0.009 -23"><span class='ocrx_word' id='word_1_353' title='bbox 1618 675 1770 745; x_wconf 77' lang='lat' dir='ltr'>odto,</span> <span class='ocrx_word' id='word_1_354' title='bbox 1802 677 1898 732; x_wconf 90' lang='lat' dir='ltr'>sed</span> <span class='ocrx_word' id='word_1_355' title='bbox 1945 677 2133 747; x_wconf 86' lang='lat' dir='ltr'>potius</span> <span class='ocrx_word' id='word_1_356' title='bbox 2182 678 2551 738; x_wconf 90' lang='lat' dir='ltr'>miseratione</span> <span class='ocrx_word' id='word_1_357' title='bbox 2574 684 2637 754; x_wconf 93' lang='lat' dir='ltr'>ju</span> <span class='ocrx_word' id='word_1_358' title='bbox 2684 684 2793 741; x_wconf 85' lang='lat' dir='ltr'>ice-</span> 
     </span>
     <span class='ocr_line' id='line_1_62' title="bbox 1617 747 2787 828; baseline 0.009 -26"><span class='ocrx_word' id='word_1_359' title='bbox 1617 762 1764 815; x_wconf 80' lang='lat' dir='ltr'>muS,</span> <span class='ocrx_word' id='word_1_360' title='bbox 1815 747 1994 828; x_wconf 59' lang='lat' dir='ltr'>inulto</span> <span class='ocrx_word' id='word_1_361' title='bbox 2037 748 2215 819; x_wconf 75' lang='lat' dir='ltr'>magis</span> <span class='ocrx_word' id='word_1_362' title='bbox 2255 766 2368 806; x_wconf 88' lang='lat' dir='ltr'>non</span> <span class='ocrx_word' id='word_1_363' title='bbox 2425 751 2787 825; x_wconf 88' lang='lat' dir='ltr'>insequendi,</span> 
     </span>
     <span class='ocr_line' id='line_1_63' title="bbox 1617 818 2789 892; baseline 0.009 -20"><span class='ocrx_word' id='word_1_364' title='bbox 1617 818 1716 872; x_wconf 88' lang='lat' dir='ltr'>sed</span> <span class='ocrx_word' id='word_1_365' title='bbox 1752 819 2057 874; x_wconf 79' lang='lat' dir='ltr'>miserendi</span> <span class='ocrx_word' id='word_1_366' title='bbox 2097 826 2249 889; x_wconf 88' lang='lat' dir='ltr'>sunt,</span> <span class='ocrx_word' id='word_1_367' title='bbox 2281 838 2520 892; x_wconf 87' lang='lat' dir='ltr'>quorum</span> <span class='ocrx_word' id='word_1_368' title='bbox 2569 834 2789 883; x_wconf 83' lang='lat' dir='ltr'>mentes</span> 
     </span>
     <span class='ocr_line' id='line_1_64' title="bbox 1616 888 2786 969; baseline 0.011 -28"><span class='ocrx_word' id='word_1_369' title='bbox 1616 888 1771 969; x_wconf 75' lang='lat' dir='ltr'>omni</span> <span class='ocrx_word' id='word_1_370' title='bbox 1802 889 2075 959; x_wconf 84' lang='lat' dir='ltr'>languore</span> <span class='ocrx_word' id='word_1_371' title='bbox 2103 891 2349 948; x_wconf 82' lang='lat' dir='ltr'>atrocior</span> <span class='ocrx_word' id='word_1_372' title='bbox 2379 901 2542 959; x_wconf 82' lang='lat' dir='ltr'>urget</span> <span class='ocrx_word' id='word_1_373' title='bbox 2572 896 2786 969; x_wconf 90' lang='lat' dir='ltr'>impro-</span> 
     </span>
     <span class='ocr_line' id='line_1_65' title="bbox 1615 959 2789 1039; baseline 0.009 -24"><span class='ocrx_word' id='word_1_374' title='bbox 1615 959 1762 1039; x_wconf 65' lang='lat' dir='ltr'>bitas</span> <span class='ocrx_word' id='word_1_375' title='bbox 1791 976 1805 1015; x_wconf 72' lang='grc' dir='ltr'>ε</span> <span class='ocrx_word' id='word_1_376' title='bbox 1839 981 1867 1011; x_wconf 87' lang='grc'>»</span> <span class='ocrx_word' id='word_1_377' title='bbox 1933 962 2051 1015; x_wconf 80' lang='lat' dir='ltr'>haec</span> <span class='ocrx_word' id='word_1_378' title='bbox 2096 963 2334 1019; x_wconf 81' lang='lat' dir='ltr'>Boetius,</span> <span class='ocrx_word' id='word_1_379' title='bbox 2398 967 2556 1022; x_wconf 86' lang='lat' dir='ltr'>Unde</span> <span class='ocrx_word' id='word_1_380' title='bbox 2606 970 2789 1025; x_wconf 80' lang='lat' dir='ltr'>exclu-</span> 
     </span>
     <span class='ocr_line' id='line_1_66' title="bbox 1614 1029 2788 1100; baseline 0.01 -16"><span class='ocrx_word' id='word_1_381' title='bbox 1614 1029 1769 1085; x_wconf 84' lang='lat' dir='ltr'>ditur</span> <span class='ocrx_word' id='word_1_382' title='bbox 1821 1029 1912 1086; x_wconf 90' lang='lat' dir='ltr'>hic</span> <span class='ocrx_word' id='word_1_383' title='bbox 1966 1031 2193 1088; x_wconf 83' lang='lat' dir='ltr'>affectio</span> <span class='ocrx_word' id='word_1_384' title='bbox 2245 1035 2509 1100; x_wconf 84' lang='lat' dir='ltr'>carnalis,</span> <span class='ocrx_word' id='word_1_385' title='bbox 2569 1038 2788 1095; x_wconf 83' lang='lat' dir='ltr'>seilicet</span> 
     </span>
     <span class='ocr_line' id='line_1_67' title="bbox 1613 1100 2787 1174; baseline 0.008 -18"><span class='ocrx_word' id='word_1_386' title='bbox 1613 1116 1777 1157; x_wconf 89' lang='lat' dir='ltr'>amor</span> <span class='ocrx_word' id='word_1_387' title='bbox 1807 1100 2166 1157; x_wconf 89' lang='lat' dir='ltr'>inordinatus</span> <span class='ocrx_word' id='word_1_388' title='bbox 2205 1112 2508 1174; x_wconf 87' lang='lat' dir='ltr'>parentum</span> <span class='ocrx_word' id='word_1_389' title='bbox 2553 1115 2608 1162; x_wconf 88' lang='lat' dir='ltr'>et</span> <span class='ocrx_word' id='word_1_390' title='bbox 2645 1126 2787 1165; x_wconf 84' lang='lat' dir='ltr'>con-</span> 
     </span>
     <span class='ocr_line' id='line_1_68' title="bbox 1606 1171 2786 1249; baseline 0.008 -23"><span class='ocrx_word' id='word_1_391' title='bbox 1606 1171 1955 1243; x_wconf 82' lang='lat' dir='ltr'>junctorum,</span> <span class='ocrx_word' id='word_1_392' title='bbox 1988 1177 2045 1228; x_wconf 89' lang='lat' dir='ltr'>et</span> <span class='ocrx_word' id='word_1_393' title='bbox 2076 1174 2182 1228; x_wconf 87' lang='lat' dir='ltr'>hoc</span> <span class='ocrx_word' id='word_1_394' title='bbox 2208 1180 2292 1229; x_wconf 85' lang='lat' dir='ltr'>est</span> <span class='ocrx_word' id='word_1_395' title='bbox 2336 1192 2510 1231; x_wconf 84' lang='lat' dir='ltr'>unum</span> <span class='ocrx_word' id='word_1_396' title='bbox 2550 1176 2786 1249; x_wconf 89' lang='lat' dir='ltr'>impedi-</span> 
     </span>
     <span class='ocr_line' id='line_1_69' title="bbox 1614 1246 2785 1323; baseline 0.009 -27"><span class='ocrx_word' id='word_1_397' title='bbox 1614 1248 1871 1323; x_wconf 78' lang='lat' dir='ltr'>mentum</span> <span class='ocrx_word' id='word_1_398' title='bbox 1905 1260 2077 1313; x_wconf 88' lang='lat' dir='ltr'>supra</span> <span class='ocrx_word' id='word_1_399' title='bbox 2106 1246 2419 1300; x_wconf 85' lang='lat' dir='ltr'>secundum</span> <span class='ocrx_word' id='word_1_400' title='bbox 2460 1250 2785 1305; x_wconf 80' lang='lat' dir='ltr'>Matthaeum</span> 
     </span>
     <span class='ocr_line' id='line_1_70' title="bbox 1612 1314 2785 1389; baseline 0.007 -21"><span class='ocrx_word' id='word_1_401' title='bbox 1612 1321 1787 1368; x_wconf 81' lang='lat' dir='ltr'>etiam</span> <span class='ocrx_word' id='word_1_402' title='bbox 1838 1314 2073 1380; x_wconf 87' lang='lat' dir='ltr'>dictum,</span> <span class='ocrx_word' id='word_1_403' title='bbox 2126 1316 2279 1384; x_wconf 91' lang='lat' dir='ltr'>quod</span> <span class='ocrx_word' id='word_1_404' title='bbox 2328 1317 2490 1371; x_wconf 88' lang='lat' dir='ltr'>obest</span> <span class='ocrx_word' id='word_1_405' title='bbox 2539 1320 2785 1389; x_wconf 80' lang='lat' dir='ltr'>sequelae</span> 
     </span>
     <span class='ocr_line' id='line_1_71' title="bbox 1612 1382 2781 1461; baseline 0.007 -22"><span class='ocrx_word' id='word_1_406' title='bbox 1612 1382 1820 1439; x_wconf 76' lang='lat' dir='ltr'>Christi</span> <span class='ocrx_word' id='word_1_407' title='bbox 1842 1391 1898 1439; x_wconf 89' lang='lat' dir='ltr'>et</span> <span class='ocrx_word' id='word_1_408' title='bbox 1924 1383 2241 1439; x_wconf 82' lang='lat' dir='ltr'>volentibus</span> <span class='ocrx_word' id='word_1_409' title='bbox 2259 1385 2452 1441; x_wconf 89' lang='lat' dir='ltr'>venire</span> <span class='ocrx_word' id='word_1_410' title='bbox 2477 1388 2549 1443; x_wconf 89' lang='lat' dir='ltr'>ad</span> <span class='ocrx_word' id='word_1_411' title='bbox 2578 1388 2781 1461; x_wconf 91' lang='lat' dir='ltr'>ipsum.</span> 
     </span>
     <span class='ocr_line' id='line_1_72' title="bbox 1614 1452 2787 1531; baseline 0.009 -23"><span class='ocrx_word' id='word_1_412' title='bbox 1614 1452 1717 1509; x_wconf 90' lang='lat' dir='ltr'>Ubi</span> <span class='ocrx_word' id='word_1_413' title='bbox 1748 1456 2075 1509; x_wconf 74' lang='lat' dir='ltr'>Ambrosius</span> <span class='ocrx_word' id='word_1_414' title='bbox 2109 1472 2122 1509; x_wconf 76' lang='grc' dir='ltr'>ε</span> <span class='ocrx_word' id='word_1_415' title='bbox 2158 1477 2187 1505; x_wconf 91' lang='lat'>«</span> <span class='ocrx_word' id='word_1_416' title='bbox 2224 1456 2445 1511; x_wconf 82' lang='lat' dir='ltr'>Etenim</span> <span class='ocrx_word' id='word_1_417' title='bbox 2480 1458 2525 1513; x_wconf 89' lang='lat' dir='ltr'>si</span> <span class='ocrx_word' id='word_1_418' title='bbox 2554 1467 2787 1531; x_wconf 85' lang='lat' dir='ltr'>propter</span> 
     </span>
     <span class='ocr_line' id='line_1_73' title="bbox 1611 1524 2784 1595; baseline 0.007 -16"><span class='ocrx_word' id='word_1_419' title='bbox 1611 1528 1666 1579; x_wconf 85' lang='lat' dir='ltr'>te</span> <span class='ocrx_word' id='word_1_420' title='bbox 1725 1524 1996 1580; x_wconf 87' lang='lat' dir='ltr'>Dominus</span> <span class='ocrx_word' id='word_1_421' title='bbox 2048 1540 2164 1580; x_wconf 84' lang='lat' dir='ltr'>suae</span> <span class='ocrx_word' id='word_1_422' title='bbox 2212 1527 2560 1585; x_wconf 83' lang='lat' dir='ltr'>renuntiavit</span> <span class='ocrx_word' id='word_1_423' title='bbox 2594 1532 2784 1595; x_wconf 87' lang='lat' dir='ltr'>matri,</span> 
     </span>
     <span class='ocr_line' id='line_1_74' title="bbox 1610 1595 2789 1671; baseline 0.005 -20"><span class='ocrx_word' id='word_1_424' title='bbox 1610 1595 1810 1651; x_wconf 87' lang='lat' dir='ltr'>dicens</span> <span class='ocrx_word' id='word_1_425' title='bbox 1844 1613 1856 1651; x_wconf 75' lang='grc' dir='ltr'>ε</span> <span class='ocrx_word' id='word_1_426' title='bbox 1900 1597 2031 1662; x_wconf 81' lang='lat' dir='ltr'>Quae</span> <span class='ocrx_word' id='word_1_427' title='bbox 2072 1606 2154 1651; x_wconf 80' lang='lat' dir='ltr'>est</span> <span class='ocrx_word' id='word_1_428' title='bbox 2181 1608 2358 1652; x_wconf 80' lang='lat' dir='ltr'>mater</span> <span class='ocrx_word' id='word_1_429' title='bbox 2389 1615 2528 1667; x_wconf 82' lang='lat' dir='ltr'>mea,</span> <span class='ocrx_word' id='word_1_430' title='bbox 2561 1607 2659 1656; x_wconf 86' lang='lat' dir='ltr'>aut</span> <span class='ocrx_word' id='word_1_431' title='bbox 2689 1607 2789 1671; x_wconf 80' lang='lat' dir='ltr'>qui</span> 
     </span>
     <span class='ocr_line' id='line_1_75' title="bbox 1608 1668 2785 1734; baseline 0.008 -14"><span class='ocrx_word' id='word_1_432' title='bbox 1608 1668 1818 1734; x_wconf 80' lang='lat' dir='ltr'>fratres</span> <span class='ocrx_word' id='word_1_433' title='bbox 1848 1670 1972 1727; x_wconf 82' lang='lat' dir='ltr'>mei.</span> <span class='ocrx_word' id='word_1_434' title='bbox 2011 1683 2114 1722; x_wconf 90' lang='lat' dir='ltr'>cur</span> <span class='ocrx_word' id='word_1_435' title='bbox 2151 1673 2211 1723; x_wconf 87' lang='lat' dir='ltr'>tu</span> <span class='ocrx_word' id='word_1_436' title='bbox 2263 1669 2500 1727; x_wconf 89' lang='lat' dir='ltr'>Domino</span> <span class='ocrx_word' id='word_1_437' title='bbox 2540 1674 2640 1728; x_wconf 88' lang='lat' dir='ltr'>tuo</span> <span class='ocrx_word' id='word_1_438' title='bbox 2686 1689 2785 1729; x_wconf 91' lang='lat' dir='ltr'>cu-</span> 
     </span>
     <span class='ocr_line' id='line_1_76' title="bbox 1612 1737 2784 1814; baseline 0.008 -23"><span class='ocrx_word' id='word_1_439' title='bbox 1612 1737 1736 1808; x_wconf 89' lang='lat' dir='ltr'>pias</span> <span class='ocrx_word' id='word_1_440' title='bbox 1784 1738 2105 1794; x_wconf 77' lang='lat' dir='ltr'>anteferri?</span> <span class='ocrx_word' id='word_1_441' title='bbox 2157 1739 2266 1794; x_wconf 91' lang='lat' dir='ltr'>Sed</span> <span class='ocrx_word' id='word_1_442' title='bbox 2296 1756 2482 1810; x_wconf 87' lang='lat' dir='ltr'>neque</span> <span class='ocrx_word' id='word_1_443' title='bbox 2520 1744 2784 1814; x_wconf 85' lang='lat' dir='ltr'>ignorare</span> 
     </span>
     <span class='ocr_line' id='line_1_77' title="bbox 1610 1810 2784 1889; baseline 0.009 -27"><span class='ocrx_word' id='word_1_444' title='bbox 1610 1813 1895 1889; x_wconf 78' lang='lat' dir='ltr'>naturam,</span> <span class='ocrx_word' id='word_1_445' title='bbox 1937 1825 2121 1880; x_wconf 88' lang='lat' dir='ltr'>neque</span> <span class='ocrx_word' id='word_1_446' title='bbox 2162 1810 2374 1867; x_wconf 86' lang='lat' dir='ltr'>servire</span> <span class='ocrx_word' id='word_1_447' title='bbox 2412 1822 2634 1870; x_wconf 82' lang='lat' dir='ltr'>naturae</span> <span class='ocrx_word' id='word_1_448' title='bbox 2668 1816 2784 1871; x_wconf 80' lang='lat' dir='ltr'>Do·</span> 
     </span>
     <span class='ocr_line' id='line_1_78' title="bbox 1612 1881 2783 1956; baseline 0.008 -23"><span class='ocrx_word' id='word_1_449' title='bbox 1612 1896 1799 1935; x_wconf 76' lang='lat' dir='ltr'>minus</span> <span class='ocrx_word' id='word_1_450' title='bbox 1821 1881 2021 1951; x_wconf 75' lang='lat' dir='ltr'>Jubet3</span> <span class='ocrx_word' id='word_1_451' title='bbox 2051 1882 2151 1936; x_wconf 91' lang='lat' dir='ltr'>sed</span> <span class='ocrx_word' id='word_1_452' title='bbox 2180 1881 2261 1937; x_wconf 90' lang='lat' dir='ltr'>ita</span> <span class='ocrx_word' id='word_1_453' title='bbox 2285 1881 2582 1956; x_wconf 89' lang='lat' dir='ltr'>indulgere</span> <span class='ocrx_word' id='word_1_454' title='bbox 2614 1891 2783 1942; x_wconf 90' lang='lat' dir='ltr'>natu-</span> 
     </span>
     <span class='ocr_line' id='line_1_79' title="bbox 1613 1951 2783 2022; baseline 0.007 -17"><span class='ocrx_word' id='word_1_455' title='bbox 1613 1967 1713 2018; x_wconf 68' lang='lat' dir='ltr'>rae,</span> <span class='ocrx_word' id='word_1_456' title='bbox 1732 1955 1797 2006; x_wconf 92' lang='lat' dir='ltr'>ut</span> <span class='ocrx_word' id='word_1_457' title='bbox 1821 1951 2114 2007; x_wconf 88' lang='lat' dir='ltr'>veneraris</span> <span class='ocrx_word' id='word_1_458' title='bbox 2134 1960 2448 2022; x_wconf 86' lang='lat' dir='ltr'>auctorem,</span> <span class='ocrx_word' id='word_1_459' title='bbox 2472 1972 2575 2011; x_wconf 88' lang='lat' dir='ltr'>nec</span> <span class='ocrx_word' id='word_1_460' title='bbox 2607 1972 2641 2011; x_wconf 94' lang='lat' dir='ltr'>a</span> <span class='ocrx_word' id='word_1_461' title='bbox 2668 1959 2783 2013; x_wconf 88' lang='lat' dir='ltr'>Deo</span> 
     </span>
     <span class='ocr_line' id='line_1_80' title="bbox 1610 2023 2785 2092; baseline 0.007 -17"><span class='ocrx_word' id='word_1_462' title='bbox 1610 2027 1914 2092; x_wconf 90' lang='lat' dir='ltr'>parentum</span> <span class='ocrx_word' id='word_1_463' title='bbox 1943 2037 2141 2077; x_wconf 83' lang='lat' dir='ltr'>amore</span> <span class='ocrx_word' id='word_1_464' title='bbox 2178 2023 2440 2080; x_wconf 78' lang='lat' dir='ltr'>desistas,</span> <span class='ocrx_word' id='word_1_465' title='bbox 2476 2046 2504 2075; x_wconf 96' lang='lat'>»</span> <span class='ocrx_word' id='word_1_466' title='bbox 2541 2028 2699 2082; x_wconf 89' lang='lat' dir='ltr'>Unde</span> <span class='ocrx_word' id='word_1_467' title='bbox 2729 2035 2785 2083; x_wconf 87' lang='lat' dir='ltr'>et</span> 
     </span>
     <span class='ocr_line' id='line_1_81' title="bbox 1612 2091 2784 2163; baseline 0.003 -15"><span class='ocrx_word' id='word_1_468' title='bbox 1612 2093 1907 2161; x_wconf 64' lang='lat' dir='ltr'>Gregorius</span> <span class='ocrx_word' id='word_1_469' title='bbox 1948 2112 1964 2146; x_wconf 83' lang='lat'>.-</span> <span class='ocrx_word' id='word_1_470' title='bbox 2014 2091 2337 2163; x_wconf 86' lang='lat' dir='ltr'>«Quisquis</span> <span class='ocrx_word' id='word_1_471' title='bbox 2388 2095 2506 2163; x_wconf 79' lang='lat' dir='ltr'>J&#39;am</span> <span class='ocrx_word' id='word_1_472' title='bbox 2568 2102 2784 2153; x_wconf 81' lang='lat' dir='ltr'>aeterua</span> 
     </span>
     <span class='ocr_line' id='line_1_82' title="bbox 1610 2161 2781 2236; baseline 0.003 -18"><span class='ocrx_word' id='word_1_473' title='bbox 1610 2161 1982 2233; x_wconf 83' lang='lat' dir='ltr'>concupiscit,</span> <span class='ocrx_word' id='word_1_474' title='bbox 2021 2162 2081 2217; x_wconf 92' lang='lat' dir='ltr'>in</span> <span class='ocrx_word' id='word_1_475' title='bbox 2118 2178 2186 2218; x_wconf 86' lang='lat' dir='ltr'>ea</span> <span class='ocrx_word' id='word_1_476' title='bbox 2234 2179 2403 2233; x_wconf 87' lang='lat' dir='ltr'>quam</span> <span class='ocrx_word' id='word_1_477' title='bbox 2451 2167 2781 2236; x_wconf 86' lang='lat' dir='ltr'>aggreditur</span> 
     </span>
     <span class='ocr_line' id='line_1_83' title="bbox 1610 2233 2784 2304; baseline 0.005 -15"><span class='ocrx_word' id='word_1_478' title='bbox 1610 2249 1784 2289; x_wconf 88' lang='lat' dir='ltr'>causa</span> <span class='ocrx_word' id='word_1_479' title='bbox 1814 2233 1934 2301; x_wconf 89' lang='lat' dir='ltr'>Dei,</span> <span class='ocrx_word' id='word_1_480' title='bbox 1974 2239 2130 2289; x_wconf 90' lang='lat' dir='ltr'>extra</span> <span class='ocrx_word' id='word_1_481' title='bbox 2164 2240 2405 2304; x_wconf 87' lang='lat' dir='ltr'>patrem,</span> <span class='ocrx_word' id='word_1_482' title='bbox 2454 2242 2612 2293; x_wconf 90' lang='lat' dir='ltr'>extra</span> <span class='ocrx_word' id='word_1_483' title='bbox 2649 2254 2784 2295; x_wconf 87' lang='lat' dir='ltr'>uxo·</span> 
     </span>
     <span class='ocr_line' id='line_1_84' title="bbox 1609 2305 2782 2379; baseline 0.006 -20"><span class='ocrx_word' id='word_1_484' title='bbox 1609 2321 1752 2369; x_wconf 87' lang='lat' dir='ltr'>rem,</span> <span class='ocrx_word' id='word_1_485' title='bbox 1785 2309 1942 2361; x_wconf 87' lang='lat' dir='ltr'>extra</span> <span class='ocrx_word' id='word_1_486' title='bbox 1974 2305 2141 2373; x_wconf 86' lang='lat' dir='ltr'>filios,</span> <span class='ocrx_word' id='word_1_487' title='bbox 2180 2311 2336 2362; x_wconf 84' lang='lat' dir='ltr'>extra</span> <span class='ocrx_word' id='word_1_488' title='bbox 2368 2313 2663 2379; x_wconf 70' lang='lat' dir='ltr'>cognatos,</span> <span class='ocrx_word' id='word_1_489' title='bbox 2692 2327 2782 2366; x_wconf 79' lang='lat' dir='ltr'>ex-</span> 
     </span>
     <span class='ocr_line' id='line_1_85' title="bbox 1608 2376 2780 2457; baseline 0.006 -26"><span class='ocrx_word' id='word_1_490' title='bbox 1608 2380 1696 2457; x_wconf 76' lang='lat' dir='ltr'>tra</span> <span class='ocrx_word' id='word_1_491' title='bbox 1725 2376 2091 2447; x_wconf 89' lang='lat' dir='ltr'>semetipsum</span> <span class='ocrx_word' id='word_1_492' title='bbox 2120 2377 2241 2432; x_wconf 86' lang='lat' dir='ltr'>fieri</span> <span class='ocrx_word' id='word_1_493' title='bbox 2273 2379 2461 2445; x_wconf 87' lang='lat' dir='ltr'>dehet,</span> <span class='ocrx_word' id='word_1_494' title='bbox 2495 2387 2554 2435; x_wconf 91' lang='lat' dir='ltr'>ut</span> <span class='ocrx_word' id='word_1_495' title='bbox 2583 2396 2650 2437; x_wconf 94' lang='lat' dir='ltr'>eo</span> <span class='ocrx_word' id='word_1_496' title='bbox 2681 2398 2780 2438; x_wconf 87' lang='lat' dir='ltr'>ve-</span> 
     </span>
     <span class='ocr_line' id='line_1_86' title="bbox 1607 2450 2782 2524; baseline 0.006 -23"><span class='ocrx_word' id='word_1_497' title='bbox 1607 2462 1729 2501; x_wconf 78' lang='lat' dir='ltr'>rius</span> <span class='ocrx_word' id='word_1_498' title='bbox 1775 2455 2084 2519; x_wconf 86' lang='lat' dir='ltr'>cognoscat</span> <span class='ocrx_word' id='word_1_499' title='bbox 2142 2450 2339 2505; x_wconf 89' lang='lat' dir='ltr'>Deum.</span> <span class='ocrx_word' id='word_1_500' title='bbox 2394 2467 2508 2521; x_wconf 88' lang='lat' dir='ltr'>quo</span> <span class='ocrx_word' id='word_1_501' title='bbox 2551 2451 2610 2506; x_wconf 89' lang='lat' dir='ltr'>in</span> <span class='ocrx_word' id='word_1_502' title='bbox 2658 2453 2782 2524; x_wconf 85' lang='lat' dir='ltr'>ejus</span> 
     </span>
     <span class='ocr_line' id='line_1_87' title="bbox 1607 2519 2780 2591; baseline 0.003 -17"><span class='ocrx_word' id='word_1_503' title='bbox 1607 2534 1780 2575; x_wconf 89' lang='lat' dir='ltr'>causa</span> <span class='ocrx_word' id='word_1_504' title='bbox 1806 2519 2096 2575; x_wconf 90' lang='lat' dir='ltr'>neminem</span> <span class='ocrx_word' id='word_1_505' title='bbox 2129 2523 2503 2591; x_wconf 82' lang='lat' dir='ltr'>recognoscit.</span> <span class='ocrx_word' id='word_1_506' title='bbox 2535 2524 2780 2579; x_wconf 70' lang='lat' dir='ltr'>Amamssi</span> 
     </span>
     <span class='ocr_line' id='line_1_88' title="bbox 1606 2588 2783 2663; baseline 0.002 -18"><span class='ocrx_word' id='word_1_507' title='bbox 1606 2605 1743 2662; x_wconf 91' lang='lat' dir='ltr'>ergo</span> <span class='ocrx_word' id='word_1_508' title='bbox 1775 2595 1910 2646; x_wconf 91' lang='lat' dir='ltr'>sunt</span> <span class='ocrx_word' id='word_1_509' title='bbox 1943 2590 2205 2660; x_wconf 89' lang='lat' dir='ltr'>proximi,</span> <span class='ocrx_word' id='word_1_510' title='bbox 2231 2588 2617 2663; x_wconf 89' lang='lat' dir='ltr'>impendenda</span> <span class='ocrx_word' id='word_1_511' title='bbox 2641 2594 2783 2648; x_wconf 86' lang='lat' dir='ltr'>cari-</span> 
     </span>
     <span class='ocr_line' id='line_1_89' title="bbox 1605 2660 2778 2732; baseline 0.005 -17"><span class='ocrx_word' id='word_1_512' title='bbox 1605 2667 1694 2716; x_wconf 87' lang='lat' dir='ltr'>tas</span> <span class='ocrx_word' id='word_1_513' title='bbox 1738 2660 1999 2717; x_wconf 88' lang='lat' dir='ltr'>omnibus</span> <span class='ocrx_word' id='word_1_514' title='bbox 2032 2667 2088 2717; x_wconf 91' lang='lat' dir='ltr'>et</span> <span class='ocrx_word' id='word_1_515' title='bbox 2118 2661 2449 2732; x_wconf 89' lang='lat' dir='ltr'>propinquis</span> <span class='ocrx_word' id='word_1_516' title='bbox 2496 2669 2552 2719; x_wconf 88' lang='lat' dir='ltr'>et</span> <span class='ocrx_word' id='word_1_517' title='bbox 2595 2669 2778 2721; x_wconf 84' lang='lat' dir='ltr'>extra-</span> 
     </span>
     <span class='ocr_line' id='line_1_90' title="bbox 1605 2731 2780 2804; baseline 0.003 -17"><span class='ocrx_word' id='word_1_518' title='bbox 1605 2731 1729 2788; x_wconf 89' lang='lat' dir='ltr'>neis</span> <span class='ocrx_word' id='word_1_519' title='bbox 1748 2749 1761 2799; x_wconf 91' lang='lat'>;</span> <span class='ocrx_word' id='word_1_520' title='bbox 1781 2748 1885 2787; x_wconf 92' lang='lat' dir='ltr'>nec</span> <span class='ocrx_word' id='word_1_521' title='bbox 1909 2738 2100 2788; x_wconf 84' lang='lat' dir='ltr'>tamen</span> <span class='ocrx_word' id='word_1_522' title='bbox 2117 2749 2220 2804; x_wconf 88' lang='lat' dir='ltr'>pro</span> <span class='ocrx_word' id='word_1_523' title='bbox 2252 2736 2451 2789; x_wconf 89' lang='lat' dir='ltr'>eadem</span> <span class='ocrx_word' id='word_1_524' title='bbox 2480 2735 2718 2792; x_wconf 81' lang='lat' dir='ltr'>caritate</span> <span class='ocrx_word' id='word_1_525' title='bbox 2748 2752 2780 2790; x_wconf 82' lang='lat' dir='ltr'>a</span> 
     </span>
     <span class='ocr_line' id='line_1_91' title="bbox 1605 2802 2780 2874; baseline 0.003 -18"><span class='ocrx_word' id='word_1_526' title='bbox 1605 2802 1704 2857; x_wconf 93' lang='lat' dir='ltr'>Dei</span> <span class='ocrx_word' id='word_1_527' title='bbox 1723 2818 1917 2857; x_wconf 91' lang='lat' dir='ltr'>amore</span> <span class='ocrx_word' id='word_1_528' title='bbox 1941 2803 2302 2858; x_wconf 84' lang='lat' dir='ltr'>flectendum.</span> <span class='ocrx_word' id='word_1_529' title='bbox 2335 2804 2550 2859; x_wconf 85' lang='lat' dir='ltr'>Fideles</span> <span class='ocrx_word' id='word_1_530' title='bbox 2572 2807 2780 2874; x_wconf 81' lang='lat' dir='ltr'>quique</span> 
     </span>
     <span class='ocr_line' id='line_1_92' title="bbox 1605 2872 2777 2943; baseline 0 -16"><span class='ocrx_word' id='word_1_531' title='bbox 1605 2872 2023 2942; x_wconf 88' lang='lat' dir='ltr'>compatiantur</span> <span class='ocrx_word' id='word_1_532' title='bbox 2046 2872 2317 2942; x_wconf 90' lang='lat' dir='ltr'>proximis</span> <span class='ocrx_word' id='word_1_533' title='bbox 2336 2890 2438 2943; x_wconf 90' lang='lat' dir='ltr'>per</span> <span class='ocrx_word' id='word_1_534' title='bbox 2462 2873 2777 2940; x_wconf 86' lang='lat' dir='ltr'>caritatem,</span> 
     </span>
     <span class='ocr_line' id='line_1_93' title="bbox 1603 2940 2784 3008; baseline 0 -10"><span class='ocrx_word' id='word_1_535' title='bbox 1603 2942 1686 2998; x_wconf 89' lang='lat' dir='ltr'>ita</span> <span class='ocrx_word' id='word_1_536' title='bbox 1713 2947 1928 3008; x_wconf 89' lang='lat' dir='ltr'>tamen,</span> <span class='ocrx_word' id='word_1_537' title='bbox 1955 2947 2018 2996; x_wconf 89' lang='lat' dir='ltr'>ut</span> <span class='ocrx_word' id='word_1_538' title='bbox 2044 2943 2114 2996; x_wconf 90' lang='lat' dir='ltr'>de</span> <span class='ocrx_word' id='word_1_539' title='bbox 2153 2940 2245 2995; x_wconf 91' lang='lat' dir='ltr'>via</span> <span class='ocrx_word' id='word_1_540' title='bbox 2278 2943 2376 2997; x_wconf 91' lang='lat' dir='ltr'>Dei</span> <span class='ocrx_word' id='word_1_541' title='bbox 2416 2959 2531 2996; x_wconf 89' lang='lat' dir='ltr'>uon</span> <span class='ocrx_word' id='word_1_542' title='bbox 2567 2943 2784 2999; x_wconf 85' lang='lat' dir='ltr'>exorbi-</span> 
     </span>
     <span class='ocr_line' id='line_1_94' title="bbox 1603 3009 2780 3083; baseline 0 -14"><span class='ocrx_word' id='word_1_543' title='bbox 1603 3018 1728 3069; x_wconf 87' lang='lat' dir='ltr'>tent</span> <span class='ocrx_word' id='word_1_544' title='bbox 1757 3013 1860 3083; x_wconf 82' lang='lat' dir='ltr'>per</span> <span class='ocrx_word' id='word_1_545' title='bbox 1884 3009 2358 3082; x_wconf 87' lang='lat' dir='ltr'>compassionem.</span> <span class='ocrx_word' id='word_1_546' title='bbox 2392 3032 2420 3061; x_wconf 95' lang='lat'>»</span> <span class='ocrx_word' id='word_1_547' title='bbox 2462 3012 2780 3069; x_wconf 83' lang='lat' dir='ltr'>Secundum</span> 
     </span>
     <span class='ocr_line' id='line_1_95' title="bbox 1604 3082 2780 3154; baseline 0 -14"><span class='ocrx_word' id='word_1_548' title='bbox 1604 3082 2103 3154; x_wconf 88' lang='lat' dir='ltr'>impedimentum,</span> <span class='ocrx_word' id='word_1_549' title='bbox 2135 3083 2306 3137; x_wconf 84' lang='lat' dir='ltr'>etiam</span> <span class='ocrx_word' id='word_1_550' title='bbox 2328 3083 2487 3154; x_wconf 83' lang='lat' dir='ltr'>juxta</span> <span class='ocrx_word' id='word_1_551' title='bbox 2519 3085 2780 3141; x_wconf 80' lang='lat' dir='ltr'>Matthae-</span> 
     </span>
     <span class='ocr_line' id='line_1_96' title="bbox 1609 3152 2782 3225; baseline 0 -14"><span class='ocrx_word' id='word_1_552' title='bbox 1609 3172 1701 3211; x_wconf 90' lang='lat' dir='ltr'>um</span> <span class='ocrx_word' id='word_1_553' title='bbox 1726 3155 1846 3224; x_wconf 86' lang='lat' dir='ltr'>jam</span> <span class='ocrx_word' id='word_1_554' title='bbox 1874 3169 2044 3225; x_wconf 85' lang='lat' dir='ltr'>supra</span> <span class='ocrx_word' id='word_1_555' title='bbox 2072 3152 2340 3225; x_wconf 90' lang='lat' dir='ltr'>positum,</span> <span class='ocrx_word' id='word_1_556' title='bbox 2367 3161 2454 3211; x_wconf 91' lang='lat' dir='ltr'>est</span> <span class='ocrx_word' id='word_1_557' title='bbox 2480 3172 2642 3212; x_wconf 91' lang='lat' dir='ltr'>amor</span> <span class='ocrx_word' id='word_1_558' title='bbox 2662 3173 2782 3213; x_wconf 71' lang='lat' dir='ltr'>car-</span> 
     </span>
     <span class='ocr_line' id='line_1_97' title="bbox 1605 3224 2768 3300; baseline 0.003 -19"><span class='ocrx_word' id='word_1_559' title='bbox 1605 3226 1752 3281; x_wconf 85' lang='lat' dir='ltr'>nalis</span> <span class='ocrx_word' id='word_1_560' title='bbox 1795 3224 2124 3297; x_wconf 87' lang='lat' dir='ltr'>voluptatis,</span> <span class='ocrx_word' id='word_1_561' title='bbox 2187 3230 2243 3281; x_wconf 86' lang='lat' dir='ltr'>et</span> <span class='ocrx_word' id='word_1_562' title='bbox 2300 3228 2407 3283; x_wconf 87' lang='lat' dir='ltr'>hoc</span> <span class='ocrx_word' id='word_1_563' title='bbox 2445 3228 2704 3300; x_wconf 88' lang='lat' dir='ltr'>tangitur</span> <span class='ocrx_word' id='word_1_564' title='bbox 2734 3247 2768 3286; x_wconf 86' lang='lat' dir='ltr'>a</span> 
     </span>
     <span class='ocr_line' id='line_1_98' title="bbox 1605 3298 2781 3371; baseline 0.003 -18"><span class='ocrx_word' id='word_1_565' title='bbox 1605 3300 1774 3366; x_wconf 88' lang='lat' dir='ltr'>Luca,</span> <span class='ocrx_word' id='word_1_566' title='bbox 1804 3312 1932 3353; x_wconf 90' lang='lat' dir='ltr'>cum</span> <span class='ocrx_word' id='word_1_567' title='bbox 1964 3298 2227 3354; x_wconf 87' lang='lat' dir='ltr'>subditur</span> <span class='ocrx_word' id='word_1_568' title='bbox 2260 3315 2273 3354; x_wconf 71' lang='grc' dir='ltr'><strong>ε</strong></span> <span class='ocrx_word' id='word_1_569' title='bbox 2309 3303 2382 3355; x_wconf 82' lang='lat' dir='ltr'>Et</span> <span class='ocrx_word' id='word_1_570' title='bbox 2420 3304 2518 3371; x_wconf 80' lang='lat' dir='ltr'>qui</span> <span class='ocrx_word' id='word_1_571' title='bbox 2545 3318 2654 3356; x_wconf 82' lang='lat' dir='ltr'>non</span> <span class='ocrx_word' id='word_1_572' title='bbox 2691 3303 2781 3357; x_wconf 71' lang='lat' dir='ltr'>bn-</span> 
     </span>
     <span class='ocr_line' id='line_1_99' title="bbox 1595 3369 2778 3444; baseline 0.005 -21"><span class='ocrx_word' id='word_1_573' title='bbox 1595 3369 1751 3440; x_wconf 80' lang='lat' dir='ltr'>julat</span> <span class='ocrx_word' id='word_1_574' title='bbox 1800 3385 2010 3424; x_wconf 83' lang='lat' dir='ltr'>crucem</span> <span class='ocrx_word' id='word_1_575' title='bbox 2040 3386 2198 3426; x_wconf 80' lang='lat' dir='ltr'>suam</span> <span class='ocrx_word' id='word_1_576' title='bbox 2237 3376 2287 3426; x_wconf 79' lang='lat' dir='ltr'>et</span> <span class='ocrx_word' id='word_1_577' title='bbox 2323 3376 2475 3428; x_wconf 78' lang='lat' dir='ltr'>venit</span> <span class='ocrx_word' id='word_1_578' title='bbox 2509 3377 2635 3444; x_wconf 84' lang='lat' dir='ltr'>post</span> <span class='ocrx_word' id='word_1_579' title='bbox 2672 3390 2778 3440; x_wconf 80' lang='lat' dir='ltr'>me,</span> 
     </span>
     <span class='ocr_line' id='line_1_100' title="bbox 1602 3444 2775 3522; baseline 0.007 -27"><span class='ocrx_word' id='word_1_580' title='bbox 1602 3457 1711 3496; x_wconf 83' lang='lat' dir='ltr'>non</span> <span class='ocrx_word' id='word_1_581' title='bbox 1728 3445 1907 3522; x_wconf 80' lang='lat' dir='ltr'>potest</span> <span class='ocrx_word' id='word_1_582' title='bbox 1943 3458 2091 3498; x_wconf 82' lang='lat' dir='ltr'>meus</span> <span class='ocrx_word' id='word_1_583' title='bbox 2125 3459 2237 3498; x_wconf 84' lang='lat' dir='ltr'>esse</span> <span class='ocrx_word' id='word_1_584' title='bbox 2261 3444 2589 3515; x_wconf 54' lang='lat' dir='ltr'>discipulus</span> <span class='ocrx_word' id='word_1_585' title='bbox 2614 3446 2775 3503; x_wconf 88' lang='lat' dir='ltr'>Nam.</span> 
     </span>
     <span class='ocr_line' id='line_1_101' title="bbox 1602 3513 2781 3584; baseline 0 -16"><span class='ocrx_word' id='word_1_586' title='bbox 1602 3516 1667 3568; x_wconf 88' lang='lat' dir='ltr'>ut</span> <span class='ocrx_word' id='word_1_587' title='bbox 1689 3517 1769 3568; x_wconf 78' lang='lat' dir='ltr'>alt</span> <span class='ocrx_word' id='word_1_588' title='bbox 1796 3514 2233 3582; x_wconf 41' lang='lat' dir='ltr'>“hrysostomu&amp;</span> <span class='ocrx_word' id='word_1_589' title='bbox 2256 3516 2544 3584; x_wconf 83' lang='lat' dir='ltr'>perfectus</span> <span class='ocrx_word' id='word_1_590' title='bbox 2569 3513 2781 3569; x_wconf 85' lang='lat' dir='ltr'>Christi</span> 
     </span>
     <span class='ocr_line' id='line_1_102' title="bbox 1604 3583 2781 3655; baseline 0 -17"><span class='ocrx_word' id='word_1_591' title='bbox 1604 3583 1916 3655; x_wconf 89' lang='lat' dir='ltr'>discipulus</span> <span class='ocrx_word' id='word_1_592' title='bbox 1940 3584 2140 3655; x_wconf 79' lang='lat' dir='ltr'>estqui</span> <span class='ocrx_word' id='word_1_593' title='bbox 2162 3584 2356 3640; x_wconf 89' lang='lat' dir='ltr'>omnia</span> <span class='ocrx_word' id='word_1_594' title='bbox 2385 3586 2537 3640; x_wconf 89' lang='lat' dir='ltr'>mala</span> <span class='ocrx_word' id='word_1_595' title='bbox 2564 3583 2781 3654; x_wconf 86' lang='lat' dir='ltr'>patitur</span> 
     </span>
     <span class='ocr_line' id='line_1_103' title="bbox 1604 3653 2777 3725; baseline -0.003 -15"><span class='ocrx_word' id='word_1_596' title='bbox 1604 3663 1702 3710; x_wconf 85' lang='lat' dir='ltr'>aut</span> <span class='ocrx_word' id='word_1_597' title='bbox 1727 3655 1841 3725; x_wconf 92' lang='lat' dir='ltr'>pati</span> <span class='ocrx_word' id='word_1_598' title='bbox 1858 3661 2089 3725; x_wconf 84' lang='lat' dir='ltr'>paratus</span> <span class='ocrx_word' id='word_1_599' title='bbox 2102 3661 2190 3710; x_wconf 83' lang='lat' dir='ltr'>est</span> <span class='ocrx_word' id='word_1_600' title='bbox 2217 3660 2451 3725; x_wconf 78' lang='lat' dir='ltr'>propter</span> <span class='ocrx_word' id='word_1_601' title='bbox 2468 3653 2777 3708; x_wconf 78' lang='lat' dir='ltr'>Christum.</span> 
     </span>
     <span class='ocr_line' id='line_1_104' title="bbox 1604 3724 2781 3792; baseline -0.004 -10"><span class='ocrx_word' id='word_1_602' title='bbox 1604 3727 1685 3782; x_wconf 91' lang='lat' dir='ltr'>De</span> <span class='ocrx_word' id='word_1_603' title='bbox 1713 3726 1805 3780; x_wconf 91' lang='lat' dir='ltr'>his</span> <span class='ocrx_word' id='word_1_604' title='bbox 1835 3726 2058 3780; x_wconf 84' lang='lat' dir='ltr'>duobus</span> <span class='ocrx_word' id='word_1_605' title='bbox 2091 3724 2513 3792; x_wconf 75' lang='lat' dir='ltr'>impedimentis</span> <span class='ocrx_word' id='word_1_606' title='bbox 2534 3724 2654 3792; x_wconf 87' lang='lat' dir='ltr'>jam</span> <span class='ocrx_word' id='word_1_607' title='bbox 2685 3738 2781 3777; x_wconf 83' lang='lat' dir='ltr'>su-</span> 
     </span>
    </p>

    <p class='ocr_par' dir='ltr' id='par_1_8' title="bbox 1645 3791 2783 3858">
     <span class='ocr_line' id='line_1_105' title="bbox 1645 3791 2783 3858; baseline 0 -9"><span class='ocrx_word' id='word_1_608' title='bbox 1645 3811 1711 3850; x_wconf 93' lang='lat' dir='ltr'>ra</span> <span class='ocrx_word' id='word_1_609' title='bbox 1748 3794 1964 3849; x_wconf 87' lang='lat' dir='ltr'>dictum</span> <span class='ocrx_word' id='word_1_610' title='bbox 2022 3800 2109 3848; x_wconf 91' lang='lat' dir='ltr'>est</span> <span class='ocrx_word' id='word_1_611' title='bbox 2152 3794 2342 3858; x_wconf 85' lang='lat' dir='ltr'>latius,</span> <span class='ocrx_word' id='word_1_612' title='bbox 2376 3792 2562 3847; x_wconf 86' lang='lat' dir='ltr'>simile</span> <span class='ocrx_word' id='word_1_613' title='bbox 2610 3791 2783 3849; x_wconf 85' lang='lat' dir='ltr'>etiam</span> 
     </span>
    </p>

    <p class='ocr_par' dir='ltr' id='par_1_9' title="bbox 1605 3861 2788 4003">
     <span class='ocr_line' id='line_1_106' title="bbox 1647 3861 2788 3934; baseline -0.003 -12"><span class='ocrx_word' id='word_1_614' title='bbox 1647 3867 1784 3922; x_wconf 87' lang='lat' dir='ltr'>abes</span> <span class='ocrx_word' id='word_1_615' title='bbox 1817 3863 1969 3918; x_wconf 83' lang='lat' dir='ltr'>infra</span> <span class='ocrx_word' id='word_1_616' title='bbox 2000 3869 2135 3919; x_wconf 88' lang='lat' dir='ltr'>ante</span> <span class='ocrx_word' id='word_1_617' title='bbox 2157 3861 2387 3919; x_wconf 91' lang='lat' dir='ltr'>Domini</span> <span class='ocrx_word' id='word_1_618' title='bbox 2412 3863 2788 3934; x_wconf 84' lang='lat' dir='ltr'>transfigura-</span> 
     </span>
     <span class='ocr_line' id='line_1_107' title="bbox 1605 3932 2440 4003; baseline -0.005 -10"><span class='ocrx_word' id='word_1_619' title='bbox 1605 3937 1844 4003; x_wconf 87' lang='lat' dir='ltr'>tionem,</span> <span class='ocrx_word' id='word_1_620' title='bbox 1878 3933 1977 3989; x_wconf 91' lang='lat' dir='ltr'>sed</span> <span class='ocrx_word' id='word_1_621' title='bbox 2009 3948 2126 3988; x_wconf 88' lang='lat' dir='ltr'>non</span> <span class='ocrx_word' id='word_1_622' title='bbox 2153 3936 2239 3988; x_wconf 87' lang='lat' dir='ltr'>est</span> <span class='ocrx_word' id='word_1_623' title='bbox 2267 3932 2440 3990; x_wconf 89' lang='lat' dir='ltr'>idem.</span> 
     </span>
    </p>

    <p class='ocr_par' dir='ltr' id='par_1_10' title="bbox 1608 4009 2791 4365">
     <span class='ocr_line' id='line_1_108' title="bbox 1681 4009 2789 4079; baseline -0.002 -18"><span class='ocrx_word' id='word_1_624' title='bbox 1681 4030 1712 4079; x_wconf 95' lang='lat'><strong>7</strong></span> <span class='ocrx_word' id='word_1_625' title='bbox 1748 4009 1991 4061; x_wconf 73' lang='lat' dir='ltr'>Tannum</span> <span class='ocrx_word' id='word_1_626' title='bbox 2045 4020 2453 4061; x_wconf 68' lang='lat' dir='ltr'>memmium-uu</span> <span class='ocrx_word' id='word_1_627' title='bbox 2506 4021 2789 4060; x_wconf 64' lang='lat' dir='ltr'>ramneri-</span> 
     </span>
     <span class='ocr_line' id='line_1_109' title="bbox 1608 4077 2791 4138; baseline -0.001 -4"><span class='ocrx_word' id='word_1_628' title='bbox 1608 4096 1733 4135; x_wconf 77' lang='lat' dir='ltr'>orus</span> <span class='ocrx_word' id='word_1_629' title='bbox 1771 4095 1835 4132; x_wconf 84' lang='lat' dir='ltr'>ET</span> <span class='ocrx_word' id='word_1_630' title='bbox 1883 4092 2136 4138; x_wconf 63' lang='lat' dir='ltr'>saonam</span> <span class='ocrx_word' id='word_1_631' title='bbox 2180 4077 2385 4132; x_wconf 58' lang='lat' dir='ltr'>Dorum</span> <span class='ocrx_word' id='word_1_632' title='bbox 2420 4095 2433 4132; x_wconf 73' lang='grc' dir='ltr'>ι</span> <span class='ocrx_word' id='word_1_633' title='bbox 2478 4092 2791 4133; x_wconf 71' lang='grc' dir='ltr'>ιΝοοΝειῡΕ-</span> 
     </span>
     <span class='ocr_line' id='line_1_110' title="bbox 1609 4147 2789 4206; baseline -0.001 0"><span class='ocrx_word' id='word_1_634' title='bbox 1609 4168 1751 4206; x_wconf 81' lang='lat' dir='ltr'>RATA</span> <span class='ocrx_word' id='word_1_635' title='bbox 1790 4165 1983 4204; x_wconf 77' lang='lat' dir='ltr'><strong>MENTIS</strong></span> <span class='ocrx_word' id='word_1_636' title='bbox 2013 4164 2257 4203; x_wconf 76' lang='lat' dir='ltr'>LEVITAS.</span> <span class='ocrx_word' id='word_1_637' title='bbox 2294 4179 2360 4188; x_wconf 92' lang='lat'>—</span> <span class='ocrx_word' id='word_1_638' title='bbox 2393 4147 2646 4205; x_wconf 83' lang='lat' dir='ltr'>Tertium</span> <span class='ocrx_word' id='word_1_639' title='bbox 2678 4147 2789 4205; x_wconf 85' lang='lat' dir='ltr'>im-</span> 
     </span>
     <span class='ocr_line' id='line_1_111' title="bbox 1610 4217 2789 4293; baseline 0.002 -16"><span class='ocrx_word' id='word_1_640' title='bbox 1610 4221 2001 4293; x_wconf 88' lang='lat' dir='ltr'>pedimentum</span> <span class='ocrx_word' id='word_1_641' title='bbox 2030 4224 2115 4275; x_wconf 90' lang='lat' dir='ltr'>est</span> <span class='ocrx_word' id='word_1_642' title='bbox 2136 4217 2563 4277; x_wconf 89' lang='lat' dir='ltr'>inconsiderata</span> <span class='ocrx_word' id='word_1_643' title='bbox 2588 4219 2789 4278; x_wconf 83' lang='lat' dir='ltr'>levitas</span> 
     </span>
     <span class='ocr_line' id='line_1_112' title="bbox 1612 4288 2787 4365; baseline 0 -15"><span class='ocrx_word' id='word_1_644' title='bbox 1612 4291 1841 4364; x_wconf 80' lang='lat' dir='ltr'>mentiS,</span> <span class='ocrx_word' id='word_1_645' title='bbox 1881 4308 1994 4365; x_wconf 90' lang='lat' dir='ltr'>qua</span> <span class='ocrx_word' id='word_1_646' title='bbox 2033 4288 2159 4364; x_wconf 86' lang='lat' dir='ltr'>quis</span> <span class='ocrx_word' id='word_1_647' title='bbox 2193 4290 2503 4364; x_wconf 89' lang='lat' dir='ltr'>impeditur</span> <span class='ocrx_word' id='word_1_648' title='bbox 2528 4308 2562 4350; x_wconf 92' lang='lat' dir='ltr'>a</span> <span class='ocrx_word' id='word_1_649' title='bbox 2590 4308 2787 4365; x_wconf 82' lang='lat' dir='ltr'>perso-</span> 
     </span>
    </p>
   </div>
   <div class='ocr_carea' id='block_1_5' title="bbox 2611 4390 2642 4443">
    <p class='ocr_par' dir='ltr' id='par_1_11' title="bbox 2611 4390 2642 4443">
     <span class='ocr_line' id='line_1_113' title="bbox 2611 4390 2642 4443; baseline 0 0"><span class='ocrx_word' id='word_1_650' title='bbox 2611 4390 2642 4443; x_wconf 83' lang='lat'><strong>5</strong></span> 
     </span>
    </p>
   </div>
  </div>
 </body>
</html>
