3146 5023
420 368 515 423 2⁴0
1124 365 1345 421 PRIMAE
1397 366 1641 420 PARTIS
1694 365 1898 418 CAPUT
1955 364 2202 419 LXXVII

422 474 502 531 tia
533 471 852 544 longiorem
884 487 1193 556 prorogare
1223 472 1355 530 huic
1382 488 1598 545 corpu-

422 545 578 603 sculo
598 559 838 614 moram,
856 560 902 601 si
918 543 1240 617 voluptates
1257 544 1461 617 quibus
1483 560 1597 601 ma-

413 618 511 690 jor
558 631 694 690 pars
735 615 1036 673 hominum
1073 616 1242 688 perit,
1285 616 1598 687 poterimus

423 704 645 759 regere,
697 692 755 744 et
784 704 1047 744 coercere
1082 704 1095 743 ε
1130 707 1157 741 »
1197 689 1323 744 haec
1370 690 1596 757 Seneca,

421 762 531 817 Pro
579 767 661 816 ter
687 759 1102 815 abundantiam
1132 774 1359 832 quoque
1401 764 1459 815 et
1499 776 1596 815 su-

417 846 519 904 per
568 830 799 886 uitatem
871 829 1128 887 ciborum
1195 836 1251 886 et
1333 836 1595 902 potuum,

417 918 573 958 mors
635 900 946 973 plurimum
985 901 1357 958 acceleratur.
1399 902 1597 958 Plures

413 972 567 1032 enim
596 988 662 1029 ex
685 972 1000 1043 repletione
1029 989 1199 1045 quam
1238 989 1305 1029 ex
1336 977 1594 1030 attenua-

411 1044 566 1103 tione
610 1043 951 1101 moriuntur.
998 1046 1158 1100 Unde
1206 1044 1340 1101 dicit
1389 1048 1598 1115 Hippo-

408 1121 611 1185 crates,
633 1115 785 1187 quod
812 1132 880 1173 ex
902 1115 1277 1189 plenitudine,
1311 1131 1594 1187 quaecum-

413 1204 525 1261 que
576 1186 945 1260 aegritudines
1011 1192 1380 1259 generantur.
1447 1187 1591 1245 Vitae

412 1259 587 1317 etiam
645 1274 958 1331 pauperum
1012 1258 1205 1314 nullus
1257 1257 1424 1315 struit
1452 1259 1590 1314 insi-

411 1330 571 1399 dias;
598 1330 801 1387 divites
829 1334 1021 1386 autem
1049 1329 1110 1386 in
1136 1330 1292 1386 omni
1328 1330 1475 1399 loco,
1510 1329 1591 1386 ci-

410 1403 483 1461 bo
513 1408 571 1460 et
597 1407 756 1474 potu,
795 1400 1000 1458 timent
1027 1417 1146 1459 eaS.
1198 1402 1359 1458 Unde
1419 1404 1589 1458 Theo-

450 1477 600 1531 hilus
636 1494 653 1530 ε
690 1493 720 1528 α
751 1475 869 1530 Hoc
912 1472 1053 1529 dicit
1096 1472 1372 1530 Dominus
1421 1473 1591 1530 resel-

432 1562 538 1604 ens
567 1560 872 1603 avarorum
892 1544 1263 1614 intentioneS,
1285 1543 1381 1616 qui
1400 1543 1590 1601 viden-

412 1623 507 1675 tur
534 1617 649 1674 sibi'
669 1633 1007 1673 coacervare
1028 1616 1277 1686 divitiaS,
1298 1615 1461 1687 quasi
1491 1616 1588 1672 diu

412 1688 635 1746 victuri.
696 1688 805 1745 Sed
859 1686 1136 1758 numquid
1191 1691 1248 1743 te
1299 1686 1590 1758 opulentia

411 1761 737 1832 longaevum
769 1758 1024 1816 efficiet?
1069 1757 1213 1825 Quid
1252 1757 1427 1829 igitur
1460 1775 1585 1815 ma-

411 1832 614 1889 nifeste
671 1828 915 1887 sustines
975 1828 1129 1885 mala
1183 1833 1300 1885 tam
1354 1829 1587 1887 incertae

414 1900 670 1976 quietis?
717 1902 859 1956 Nam
895 1899 1132 1957 dubium
1162 1904 1248 1957 est
1277 1901 1587 1958 an‘debeas

411 1973 667 2046 atginere
726 1970 968 2041 senium,
1032 1971 1191 2043 cujus
1237 1971 1422 2043 gratia
1466 1974 1589 2030 the-

413 2044 665 2104 saurisas
701 2060 716 2099 t
750 2068 777 2092 »
811 2044 933 2100 haec
966 2046 1317 2115 Theophilus.

484 2122 517 2175 5
548 2119 859 2175 Siuimrnno
890 2133 1083 2171 nivrris
1112 2133 1327 2172 nonum
1353 2132 1586 2172 nusum-

412 2209 514 2249 ηε
539 2207 819 2247 votem-m.
855 2221 926 2231 --
956 2190 1026 2244 Et
1058 2188 1131 2244 ad
1188 2188 1585 2244 detestandum

413 2262 734 2330 avaritiam,
789 2265 847 2317 et
896 2259 968 2317 ad
1018 2275 1183 2316 suum
1229 2258 1584 2332 propositum

414 2335 840 2398 declarandum,
870 2330 1086 2386 inducit
1132 2329 1580 2385 similitudinem.

414 2405 573 2462 Unde
603 2403 753 2458 idem
788 2403 1117 2470 Theophilus
1151 2417 1165 2455 z
1201 2421 1228 2452 «
1256 2400 1391 2455 Dico
1430 2400 1585 2471 quod

413 2492 477 2534 ex
527 2471 823 2532 affluentia
864 2487 1036 2542 opum
1093 2486 1209 2527 non
1269 2472 1586 2543 protelatur

411 2547 531 2604 vita
565 2547 836 2603 humana.
871 2564 899 2597 >i
944 2543 1030 2599 Ad
1067 2544 1236 2614 huJus
1272 2544 1444 2600 fidem
1486 2560 1585 2617 pa-

412 2618 667 2676 rabolani
708 2615 898 2674 subdit
946 2618 1243 2672 :Hominis
1291 2617 1582 2687 enjusdam

414 2692 611 2748 divitis
636 2689 825 2745 uberes
855 2691 1075 2757 fructus
1106 2704 1238 2757 aqer
1270 2691 1482 2757 attulit,
1522 2686 1582 2743 id

414 2769 501 2820 est
526 2762 882 2820 abundantes
911 2765 969 2815 et
994 2759 1171 2816 multo
1188 2760 1383 2831 plures
1409 2775 1580 2830 quam

411 2834 578 2892 solito
631 2849 803 2890 cursu
851 2830 1170 2900 consuevit;
1203 2836 1255 2887 et
1305 2832 1583 2900 copitabat

408 2922 528 2979 prae
577 2903 978 2973 sollicitudine,
1036 2902 1170 2974 quia
1228 2902 1583 2959 abundantia

407 2978 736 3037 divitiarum
776 2975 990 3033 inducit
1034 2974 1493 3043 sollicitudinem,
1525 2980 1582 3031 et

408 3066 512 3123 per
558 3065 915 3121 consequens
977 3046 1152 3105 animi
1209 3046 1578 3115 anxietatem,

406 3122 541 3193 quia
570 3138 685 3178 non
709 3121 972 3193 supplent
1001 3118 1393 3190 indigentiam.
1419 3116 1581 3188 Cogi-

312 3229 321 3235 ·
404 3193 583 3259 tabat,
625 3191 880 3262 inquam,
909 3195 1062 3246 intra
1112 3206 1168 3245 se
1214 3191 1422 3258 dicens,
1462 3205 1579 3244 non

405 3264 564 3317 extra
593 3277 654 3316 se
682 3262 999 3332 proferenS,
1028 3277 1100 3316 ne
1132 3261 1423 3317 audiretur
1452 3276 1466 3326 ;
1497 3259 1578 3315 di-

401 3346 501 3387 ves
553 3331 706 3387 enim
752 3347 958 3388 avarus
1006 3348 1232 3388 omnem
1281 3330 1575 3388 hominem

400 3401 583 3458 timet.
632 3402 792 3468 Nam,
841 3401 1153 3457 secundum
1183 3404 1575 3470 Auqustinum,

399 3472 555 3531 videt
581 3470 836 3540 divitem,
864 3476 920 3527 et
948 3471 1192 3527 aestimat
1210 3472 1569 3542 praedonem;

398 3546 553 3602 videt
575 3558 906 3617 pauperem,
935 3548 992 3599 et
1013 3541 1336 3613 suspicatur
1365 3543 1568 3597 furem.

403 3619 549 3687 Quid
602 3619 830 3685 faciam,
886 3617 1021 3684 quia
1055 3629 1163 3667 non
1215 3613 1419 3667 habebo
1465 3629 1571 3681 quo

399 3705 719 3760 conqreqem
765 3690 983 3754 fructus
1030 3686 1215 3740 meos?
1270 3684 1572 3754 Angustia-

398 3763 568 3820 batur
596 3761 702 3817 iste
741 3758 897 3815 dives
928 3775 993 3815 ex
1031 3757 1354 3839 opulentia,-
1382 3756 1572 3838 infelix

396 3834 459 3893 in
512 3831 892 3907 praesentibus
948 3833 1138 3898 boniS,
1197 3828 1480 3884 infelicior
1510 3845 1568 3884 in

397 3906 603 3963 futuris
631 3922 644 3974 ;
682 3919 819 3976 ager
851 3903 1008 3960 enim
1033 3903 1084 3958 ei
1114 3917 1230 3956 non
1285 3905 1400 3955 tam
1439 3900 1568 3955 red-

398 3978 572 4048 ditus,
605 3993 776 4050 quam
816 3978 1063 4059 gemitus
1107 3973 1297 4055 attulit
1341 3970 1568 4054 grayio-

397 4067 524 4120 res;
562 4055 619 4106 et
648 4049 973 4105 sollicitudo
1004 4045 1180 4102 nimia
1208 4047 1385 4100 crevit
1416 4059 1467 4099 ei
1503 4059 1570 4098 ex

395 4120 657 4188 avaritia,
699 4125 754 4175 et
782 4117 1044 4189 augustia
1081 4134 1147 4173 ex
1178 4116 1457 4172 satietate.
1498 4118 1571 4170 Et

396 4194 548 4249 dimit
577 4211 590 4249 :
621 4195 734 4247 Hoc
776 4193 1006 4260 faciam.
1051 4193 1341 4245 Destruam
1376 4189 1570 4242 horrea

396 4262 532 4319 mea'
548 4269 600 4320 et
631 4263 850 4331 majora
893 4263 1124 4329 faciam.
1179 4261 1302 4316 Non
1340 4263 1567 4331 oporte-

393 4335 494 4391 bat
525 4348 655 4390 eum
684 4334 896 4390 horrea
920 4330 1184 4399 dilatare,
1206 4330 1356 4388 bene
1401 4333 1568 4388 erant

1707 473 1918 530 horrea
1942 478 2162 545 parata,
2196 466 2410 530 scilicet
2424 488 2744 547 pauperum
2771 490 2902 532 esu-

1704 544 1977 602 rientium
2008 549 2264 613 ventres;
2315 545 2415 602 sed
2466 562 2583 602 non
2624 545 2897 604 meminit

1707 616 2026 675 communis
2054 621 2297 686 naturae,
2328 634 2431 673 nec
2468 617 2687 675 sciebat
2728 617 2892 689 cogi-

1705 692 1850 755 tare,
1883 688 1991 744 nisi
2021 690 2090 746 de
2122 678 2562 760 congregatione
2592 695 2893 762 tempora-

1706 759 1767 830 li,
1799 775 1916 815 non
1952 760 2024 817 de
2059 760 2298 832 coelesti,
2325 762 2486 833 quus
2512 763 2723 818 horrea
2753 765 2895 818 sunt

1703 846 1988 903 pauperes
2044 831 2273 888 Christi.
2326 835 2400 888 Et
2452 835 2586 889 illuc
2607 876 2622 904 ,
2673 832 2891 904 inquit,

1704 904 2062 971 conqreqabo,
2095 920 2224 960 cum
2255 920 2287 960 e
2322 903 2611 961 contrario
2645 904 2891 961 deberet

1704 973 1924 1030 dicere:
1947 974 2271 1047 dispergam
2295 975 2484 1032 dando
2507 975 2885 1048 pauperibuS,

1703 1047 1890 1101 omnia
1914 1063 2033 1116 quae
2062 1053 2198 1103 nata
2221 1052 2351 1103 sunt
2374 1050 2535 1116 mihi,
2563 1047 2620 1103 id
2644 1052 2731 1103 est
2753 1063 2890 1119 pro-

1701 1122 1830 1243 pter
1859 1132 1950 1173 me
1984 1118 2193 1188 solum,
2231 1118 2319 1175 vel
2374 1133 2501 1175 meo
2566 1118 2784 1187 labore,
2833 1123 2889 1174 et

1739 1205 1844 1244 ona
1891 1205 2033 1256 mea,
2084 1189 2142 1245 in
2174 1206 2285 1261 quo
2318 1187 2456 1246 dicit
2491 1189 2881 1258 mendacium,

1702 1261 1836 1330 quia
1857 1276 1924 1317 ex
1945 1260 2245 1333 iniquitate
2265 1261 2476 1319 dictum
2502 1265 2587 1318 est
2607 1276 2799 1318 meum
2825 1265 2888 1317 et

1700 1335 1887 1402 tuum,
1919 1348 2046 1389 cuni
2073 1333 2265 1389 omnia
2282 1334 2412 1406 jure
2439 1339 2658 1390 naturae
2686 1337 2886 1390 essent

1699 1404 2048 1462 communia.
2102 1406 2262 1461 Bona
2313 1420 2417 1461 sua
2460 1408 2684 1477 reputat
2734 1412 2883 1460 tem-

1700 1475 1938 1545 poralia,
1983 1492 2110 1533 cum
2144 1481 2335 1533 tamen
2374 1476 2642 1546 hominiS,
2673 1479 2738 1532 ut
2772 1474 2884 1531 ho-

1699 1561 1794 1602 mo
1825 1551 1933 1616 est,
1966 1546 2080 1603 sint
2105 1549 2257 1604 bona
2282 1546 2622 1619 spiritualia,
2654 1553 2711 1603 et
2758 1562 2885 1603 non

1699 1623 1947 1674 terrena.
1976 1618 2135 1675 Unde
2164 1620 2462 1687 Greqorius
2489 1638 2508 1675 ε
2551 1641 2581 1673 «
2619 1620 2746 1675 Non
2791 1621 2884 1674 est

1697 1688 1945 1745 hominis
1969 1693 2198 1745 terrena
2218 1689 2505 1760 possessio
2528 1735 2544 1760 ‚
2570 1691 2669 1746 sed
2692 1688 2884 1744 coele-

1698 1759 1818 1815 stis.
1843 1780 1872 1811 »
1897 1760 2058 1815 Unde
2073 1764 2133 1815 et
2154 1761 2477 1815 Ambrosius
2502 1778 2520 1814 .·
2543 1782 2573 1812 «
2594 1762 2719 1816 Non
2744 1764 2883 1816 sunt

1695 1831 1848 1887 bona
1876 1829 2144 1898 hominis,
2176 1845 2304 1901 quae
2336 1845 2529 1885 secum
2563 1831 2714 1886 ferre
2760 1846 2885 1887 non

1694 1906 1913 1972 potest3
1958 1901 2079 1957 sola
2114 1900 2509 1958 misericordia
2544 1906 2633 1957 est
2679 1917 2882 1958 comes

1694 1973 2113 2029 defunctorum.
2137 1993 2167 2024 >›
2200 1974 2356 2030 Unde
2378 1972 2552 2028 etiam
2578 1970 2723 2028 dixit
2755 1972 2879 2043 qui·

1696 2043 1829 2100 dam
1848 2044 2241 2117 philosophus,
2259 2043 2438 2116 quide
2455 2043 2723 2100 incendio
2745 2060 2877 2100 eva·

1695 2120 1879 2172 serat:
1923 2118 2039 2189 Ego
2089 2116 2230 2172 nihil
2272 2114 2514 2188 perdidi,
2555 2116 2708 2172 bona
2745 2130 2877 2171 mea

1695 2202 1916 2244 mecum
1947 2192 2120 2256 sunt3
2151 2187 2341 2244 animo
2363 2187 2513 2243 enim
2550 2185 2650 2243 illa
2682 2191 2872 2256 porto,

1696 2274 1812 2314 non
1846 2259 2117 2314 humeris
2151 2262 2311 2314 Bona
2349 2263 2567 2328 nostra,
2605 2260 2750 2314 bona
2778 2256 2869 2312 in-

1692 2333 1855 2384 terna
1886 2334 2034 2385 sunt.
2068 2330 2228 2385 Unde
2260 2331 2463 2385 Seneca
2496 2346 2510 2385 :
2562 2350 2591 2381 «
2635 2328 2871 2399 Sapiens

1692 2399 1841 2456 intra
1883 2416 1943 2456 se
1978 2416 2146 2456 omne
2190 2402 2405 2457 bonum
2449 2400 2799 2457 terminabit.
2837 2419 2868 2454 i>

1692 2473 1759 2528 Et
1789 2470 1924 2528 dicit
1970 2470 2123 2528 idem
2171 2474 2394 2542 Seneca,
2426 2472 2577 2546 quod
2612 2471 2867 2543 quidam,

1691 2549 1857 2616 capta
1895 2544 2081 2617 patrIa
2118 2549 2175 2601 et
2213 2544 2405 2601 liberis
2448 2544 2696 2613 amissiS,
2735 2560 2868 2600 cum

1692 2632 1758 2671 ex
1787 2616 2052 2673 incendio
2082 2616 2309 2688 publico
2363 2615 2538 2686 soluS,
2576 2620 2632 2671 et
2667 2620 2862 2671 tamen

1690 2688 1913 2755 beatuS,
1973 2687 2170 2756 exiret,
2227 2685 2606 2759 interroganti
2661 2684 2863 2741 victori

1690 2774 1829 2814 num
1860 2758 2074 2830 aliquid
2105 2758 2446 2830 perdidisset
2488 2776 2501 2814 :
2534 2756 2705 2828 Nihil,
2762 2757 2865 2812 in—

1690 2829 1834 2901 quit,
1864 2829 2116 2902 perdidi;
2145 2832 2297 2887 bona
2309 2845 2436 2886 mea
2459 2845 2679 2886 mecum
2707 2833 2862 2884 sunt.

1688 2905 1761 2958 Et
1792 2903 1975 2958 dicam
2001 2905 2199 2958 animae
2225 2919 2373 2970 meae,
2405 2901 2463 2957 id
2493 2904 2580 2958 est
2607 2899 2866 2956 animali-

1687 2972 1790 3029 tati
1822 2990 1986 3043 meae,
2011 2974 2100 3030 vel
2132 2972 2524 3045 mihimetipsi,
2550 2972 2863 3028 secundum

1688 3045 1839 3116 quod
1869 3051 2019 3103 totus
2051 3047 2223 3101 homo
2249 3044 2651 3102 denominatur
2672 3059 2707 3099 a
2734 3059 2862 3113 par-

1687 3120 1744 3172 te
1774 3116 2023 3188 digniori
2068 3133 2081 3172 :
2107 3119 2317 3173 Anima
2347 3133 2496 3185 mea,
2530 3116 2696 3172 habes
2723 3116 2865 3169 mul-

1688 3192 1747 3242 ta
1783 3188 1942 3254 bona,
1972 3188 2086 3244 imo
2118 3189 2436 3245 habebatur
2464 3188 2535 3244 ab
2571 3186 2675 3255 eiS,
2704 3188 2863 3257 posi-

1688 3263 1767 3328 ta,
1795 3257 1854 3313 id
1884 3263 1971 3314 est
1999 3262 2250 3329 reposita
2282 3264 2340 3314 et
2389 3263 2740 3330 congregata
2786 3257 2860 3313 ad

1686 3329 2137 3385 conservandum
2158 3344 2350 3397 avare,
2380 3344 2494 3384 non
2521 3329 2594 3385 ad
2617 3344 2859 3400 erogan-

1684 3400 1819 3455 dum
1846 3398 2044 3467 libere,
2063 3402 2122 3454 in
2143 3414 2316 3454 annos
2337 3401 2629 3469 plurimos.
2652 3401 2758 3458 Ubi
2782 3399 2860 3455 ait

1686 3471 1927 3538 Cyrinus
1966 3488 1983 3523 ε
2031 3487 2059 3520 «
2113 3468 2276 3524 Dives
2328 3468 2502 3540 igitur
2548 3485 2663 3526 non
2696 3475 2862 3543 parat

1681 3538 2080 3613 permanentia
2120 3539 2349 3609 horrea,
2381 3540 2481 3597 sed
2507 3542 2750 3610 caduca3
2779 3547 2857 3614 et,

1682 3611 1830 3683 quod
1860 3610 2083 3668 stultius
2114 3616 2220 3682 est,
2253 3612 2384 3669 vitae
2415 3611 2523 3669 sibi
2549 3618 2703 3670 taxat
2737 3614 2859 3670 lon-

1682 3683 2021 3811 gitudinem.
2057 3684 2189 3752 Sed,
2226 3700 2258 3740 o
2283 3685 2461 3754 diveS,
2488 3685 2701 3742 fructus
2736 3684 2855 3755 qui-

1722 3771 1812 3811 em
1837 3756 2015 3812 habes
2044 3755 2101 3812 in
2129 3758 2372 3826 horreis,
2398 3756 2496 3813 sed
2526 3772 2705 3813 annos
2734 3755 2855 3826 plu·

1681 3826 1858 3883 rim-is
1882 3828 2031 3884 unde
2071 3826 2285 3899 poteris
2312 3827 2572 3886 obtinere
2595 3828 2623 3883 ‘I
2656 3849 2677 3878 ι
2726 3826 2848 3895 Hic,

1680 3898 1939 3971 arguitur
2000 3899 2333 3956 habentium
2418 3900 2676 3955 redditus
2742 3897 2849 3953 sibi

1680 3972 2027 4027 sufficientes
2064 3970 2530 4043 reprehensibilis
2569 3969 2845 4040 detentio,

1680 4047 1736 4099 et
1791 4042 2047 4099 collectio
2117 4059 2294 4116 supra
2361 4058 2572 4099 annum
2626 4056 2846 4110 eorum,

1680 4131 1808 4186 quae
1837 4113 2080 4187 singulis
2109 4114 2276 4172 annis
2306 4115 2569 4185 redeunt,
2593 4116 2650 4170 et
2687 4111 2849 4169 inno-

1679 4191 1906 4243 vantur.

1751 4263 1783 4326 4
1814 4260 2074 4326 Qun-non
2112 4273 2278 4330 um,
2329 4274 2448 4323 ome
2485 4273 2667 4314 citimi·
2714 4272 2848 4339 nivi-

1678 4347 1876 4385 mmm
1904 4346 2265 4388 *anunm-m.
2297 4359 2367 4375 -
2399 4331 2469 4388 Et
2499 4330 2791 4403 subjnngit
2831 4345 2844 4383 :
