<?xml version="1.0" encoding="UTF-8"?>
<!DOCTYPE html PUBLIC "-//W3C//DTD XHTML 1.0 Transitional//EN"
    "http://www.w3.org/TR/xhtml1/DTD/xhtml1-transitional.dtd">
<html xmlns="http://www.w3.org/1999/xhtml" xml:lang="en" lang="en">
 <head>
  <title>
</title>
<meta http-equiv="Content-Type" content="text/html;charset=utf-8" />
  <meta name='ocr-system' content='tesseract 3.04.00' />
  <meta name='ocr-capabilities' content='ocr_page ocr_carea ocr_par ocr_line ocrx_word'/>
</head>
<body>
  <div class='ocr_page' id='page_1' title='image "./vitajesuchristi02rigogoog_0093.png"; bbox 0 0 3146 5023; ppageno 0'>
   <div class='ocr_carea' id='block_1_1' title="bbox 411 405 2717 468">
    <p class='ocr_par' dir='ltr' id='par_1_1' title="bbox 411 405 2717 468">
     <span class='ocr_line' id='line_1_1' title="bbox 411 405 2717 468; baseline 0.003 -8"><span class='ocrx_word' id='word_1_1' title='bbox 411 407 498 461; x_wconf 85' lang='lat' dir='ltr'><strong>DE</strong></span> <span class='ocrx_word' id='word_1_2' title='bbox 555 408 802 468; x_wconf 79' lang='lat' dir='ltr'><strong>QUAEST.</strong></span> <span class='ocrx_word' id='word_1_3' title='bbox 860 405 1138 461; x_wconf 65' lang='lat' dir='ltr'><strong>solutus</strong></span> <span class='ocrx_word' id='word_1_4' title='bbox 1196 406 1539 461; x_wconf 72' lang='lat' dir='ltr'>BAPTISTAE</span> <span class='ocrx_word' id='word_1_5' title='bbox 1592 407 1630 460; x_wconf 84' lang='grc' dir='ltr'><strong>Δ</strong></span> <span class='ocrx_word' id='word_1_6' title='bbox 1685 406 1971 461; x_wconf 74' lang='lat' dir='ltr'><strong>cmtlS&#39;ro</strong></span> <span class='ocrx_word' id='word_1_7' title='bbox 2026 408 2497 464; x_wconf 74' lang='lat' dir='ltr'><strong>COMMENDATI.</strong></span> <span class='ocrx_word' id='word_1_8' title='bbox 2657 411 2717 468; x_wconf 76' lang='lat'><strong>83</strong></span> 
     </span>
    </p>
   </div>
   <div class='ocr_carea' id='block_1_2' title="bbox 242 509 1443 4427">
    <p class='ocr_par' dir='ltr' id='par_1_2' title="bbox 242 509 1443 2932">
     <span class='ocr_line' id='line_1_2' title="bbox 242 509 1442 587; baseline -0.003 -15"><span class='ocrx_word' id='word_1_9' title='bbox 242 519 318 574; x_wconf 81' lang='lat' dir='ltr'><strong>nt</strong></span> <span class='ocrx_word' id='word_1_10' title='bbox 342 514 637 587; x_wconf 79' lang='lat' dir='ltr'><strong>pauperes</strong></span> <span class='ocrx_word' id='word_1_11' title='bbox 671 510 1004 580; x_wconf 84' lang='lat' dir='ltr'><strong>voluntarii,</strong></span> <span class='ocrx_word' id='word_1_12' title='bbox 1075 509 1132 568; x_wconf 91' lang='lat' dir='ltr'><strong>ui</strong></span> <span class='ocrx_word' id='word_1_13' title='bbox 1159 526 1442 583; x_wconf 79' lang='lat' dir='ltr'>pauperes</span> 
     </span>
     <span class='ocr_line' id='line_1_3' title="bbox 253 581 1442 659; baseline -0.002 -18"><span class='ocrx_word' id='word_1_14' title='bbox 253 585 466 659; x_wconf 88' lang='lat' dir='ltr'><strong>spiritu</strong></span> <span class='ocrx_word' id='word_1_15' title='bbox 494 587 648 640; x_wconf 91' lang='lat' dir='ltr'><strong>sunt.</strong></span> <span class='ocrx_word' id='word_1_16' title='bbox 684 581 743 639; x_wconf 90' lang='lat' dir='ltr'><strong>Si</strong></span> <span class='ocrx_word' id='word_1_17' title='bbox 772 586 965 638; x_wconf 89' lang='lat' dir='ltr'><strong>autem</strong></span> <span class='ocrx_word' id='word_1_18' title='bbox 999 598 1033 638; x_wconf 91' lang='lat' dir='ltr'><strong>a</strong></span> <span class='ocrx_word' id='word_1_19' title='bbox 1074 583 1187 638; x_wconf 88' lang='lat' dir='ltr'><strong>huc</strong></span> <span class='ocrx_word' id='word_1_20' title='bbox 1215 582 1442 640; x_wconf 81' lang='lat' dir='ltr'><strong>dubitas</strong></span> 
     </span>
     <span class='ocr_line' id='line_1_4' title="bbox 254 651 1441 728; baseline -0.003 -14"><span class='ocrx_word' id='word_1_21' title='bbox 254 671 508 728; x_wconf 83' lang='lat' dir='ltr'><strong>regnum</strong></span> <span class='ocrx_word' id='word_1_22' title='bbox 538 651 839 725; x_wconf 86' lang='lat' dir='ltr'><strong>consequi,</strong></span> <span class='ocrx_word' id='word_1_23' title='bbox 888 653 1035 709; x_wconf 81' lang='lat' dir='ltr'><strong>forte</strong></span> <span class='ocrx_word' id='word_1_24' title='bbox 1079 658 1313 725; x_wconf 86' lang='lat' dir='ltr'><strong>propter</strong></span> <span class='ocrx_word' id='word_1_25' title='bbox 1339 655 1441 711; x_wconf 85' lang='lat' dir='ltr'><strong>de-</strong></span> 
     </span>
     <span class='ocr_line' id='line_1_5' title="bbox 254 723 1442 794; baseline -0.004 -9"><span class='ocrx_word' id='word_1_26' title='bbox 254 729 472 785; x_wconf 82' lang='lat' dir='ltr'><strong>fectum</strong></span> <span class='ocrx_word' id='word_1_27' title='bbox 501 725 717 793; x_wconf 92' lang='lat' dir='ltr'><strong>meriti,</strong></span> <span class='ocrx_word' id='word_1_28' title='bbox 747 724 838 780; x_wconf 80' lang='lat' dir='ltr'><strong>vel</strong></span> <span class='ocrx_word' id='word_1_29' title='bbox 890 723 1111 794; x_wconf 78' lang='lat' dir='ltr'><strong>auxilii,</strong></span> <span class='ocrx_word' id='word_1_30' title='bbox 1154 724 1288 781; x_wconf 88' lang='lat' dir='ltr'><strong>audi</strong></span> <span class='ocrx_word' id='word_1_31' title='bbox 1318 726 1442 781; x_wconf 81' lang='lat' dir='ltr'><strong>Au-</strong></span> 
     </span>
     <span class='ocr_line' id='line_1_6' title="bbox 254 795 1442 874; baseline -0.002 -19"><span class='ocrx_word' id='word_1_32' title='bbox 254 802 551 874; x_wconf 70' lang='lat' dir='ltr'><strong>qustinm</strong></span> <span class='ocrx_word' id='word_1_33' title='bbox 580 796 866 852; x_wconf 77' lang='lat' dir='ltr'><strong>dicentem</strong></span> <span class='ocrx_word' id='word_1_34' title='bbox 901 795 1004 852; x_wconf 90' lang='lat' dir='ltr'><strong>tibi</strong></span> <span class='ocrx_word' id='word_1_35' title='bbox 1031 813 1046 852; x_wconf 73' lang='grc' dir='ltr'><strong><em>ε</em></strong></span> <span class='ocrx_word' id='word_1_36' title='bbox 1081 815 1111 848; x_wconf 71' lang='grc' dir='ltr'><strong>α</strong></span> <span class='ocrx_word' id='word_1_37' title='bbox 1141 795 1200 853; x_wconf 86' lang='lat' dir='ltr'><strong>Si</strong></span> <span class='ocrx_word' id='word_1_38' title='bbox 1231 796 1442 867; x_wconf 83' lang='lat' dir='ltr'><strong>quaeris</strong></span> 
     </span>
     <span class='ocr_line' id='line_1_7' title="bbox 256 865 1443 942; baseline -0.002 -16"><span class='ocrx_word' id='word_1_39' title='bbox 256 867 549 942; x_wconf 84' lang='lat' dir='ltr'><strong>quomodo</strong></span> <span class='ocrx_word' id='word_1_40' title='bbox 606 866 758 923; x_wconf 80' lang='lat' dir='ltr'><strong>istud</strong></span> <span class='ocrx_word' id='word_1_41' title='bbox 796 870 984 938; x_wconf 86' lang='lat' dir='ltr'><strong>potest</strong></span> <span class='ocrx_word' id='word_1_42' title='bbox 1034 865 1182 936; x_wconf 85' lang='lat' dir='ltr'><strong>fleri,</strong></span> <span class='ocrx_word' id='word_1_43' title='bbox 1236 867 1443 938; x_wconf 86' lang='lat' dir='ltr'><strong>quibus</strong></span> 
     </span>
     <span class='ocr_line' id='line_1_8' title="bbox 259 935 1443 1010; baseline -0.003 -12"><span class='ocrx_word' id='word_1_44' title='bbox 259 939 490 998; x_wconf 87' lang='lat' dir='ltr'><strong>meritis</strong></span> <span class='ocrx_word' id='word_1_45' title='bbox 517 937 796 1010; x_wconf 80' lang='lat' dir='ltr'><strong>quibusve</strong></span> <span class='ocrx_word' id='word_1_46' title='bbox 835 935 1077 1001; x_wconf 83' lang='lat' dir='ltr'><strong>auxiliis,</strong></span> <span class='ocrx_word' id='word_1_47' title='bbox 1120 937 1254 995; x_wconf 89' lang='lat' dir='ltr'><strong>audi</strong></span> <span class='ocrx_word' id='word_1_48' title='bbox 1282 955 1296 993; x_wconf 71' lang='grc' dir='ltr'>ε</span> <span class='ocrx_word' id='word_1_49' title='bbox 1331 940 1443 994; x_wconf 88' lang='lat' dir='ltr'><strong>Res</strong></span> 
     </span>
     <span class='ocr_line' id='line_1_9' title="bbox 256 1007 1439 1082; baseline -0.003 -13"><span class='ocrx_word' id='word_1_50' title='bbox 256 1011 373 1069; x_wconf 90' lang='lat' dir='ltr'><strong>ista</strong></span> <span class='ocrx_word' id='word_1_51' title='bbox 398 1015 488 1067; x_wconf 89' lang='lat' dir='ltr'><strong>est</strong></span> <span class='ocrx_word' id='word_1_52' title='bbox 523 1009 714 1082; x_wconf 84' lang='lat' dir='ltr'><strong>posita</strong></span> <span class='ocrx_word' id='word_1_53' title='bbox 750 1007 810 1064; x_wconf 92' lang='lat' dir='ltr'><strong>in</strong></span> <span class='ocrx_word' id='word_1_54' title='bbox 842 1013 1123 1080; x_wconf 82' lang='lat' dir='ltr'><strong>potestate</strong></span> <span class='ocrx_word' id='word_1_55' title='bbox 1157 1008 1439 1079; x_wconf 76' lang='lat' dir='ltr'><strong>facientiS,</strong></span> 
     </span>
     <span class='ocr_line' id='line_1_10' title="bbox 255 1081 1438 1156; baseline -0.003 -16"><span class='ocrx_word' id='word_1_56' title='bbox 255 1083 537 1156; x_wconf 83' lang='lat' dir='ltr'><strong>quoniam</strong></span> <span class='ocrx_word' id='word_1_57' title='bbox 550 1097 786 1150; x_wconf 63' lang='lat' dir='ltr'><strong>reanum</strong></span> <span class='ocrx_word' id='word_1_58' title='bbox 803 1081 1056 1136; x_wconf 70' lang='lat' dir='ltr'><strong>calorum</strong></span> <span class='ocrx_word' id='word_1_59' title='bbox 1077 1083 1189 1135; x_wconf 83' lang='lat' dir='ltr'><strong>vim</strong></span> <span class='ocrx_word' id='word_1_60' title='bbox 1202 1083 1438 1152; x_wconf 72' lang='lat' dir='ltr'><strong>patitur.</strong></span> 
     </span>
     <span class='ocr_line' id='line_1_11' title="bbox 250 1151 1441 1226; baseline -0.004 -14"><span class='ocrx_word' id='word_1_61' title='bbox 250 1157 520 1226; x_wconf 85' lang='lat' dir='ltr'><strong>Regnum</strong></span> <span class='ocrx_word' id='word_1_62' title='bbox 578 1153 875 1216; x_wconf 71' lang='lat' dir='ltr'><strong>emiorum,</strong></span> <span class='ocrx_word' id='word_1_63' title='bbox 935 1167 970 1206; x_wconf 90' lang='lat' dir='ltr'><strong>o</strong></span> <span class='ocrx_word' id='word_1_64' title='bbox 1032 1152 1225 1214; x_wconf 88' lang='lat' dir='ltr'><strong>homo,</strong></span> <span class='ocrx_word' id='word_1_65' title='bbox 1288 1151 1441 1208; x_wconf 86' lang='lat' dir='ltr'><strong>aliud</strong></span> 
     </span>
     <span class='ocr_line' id='line_1_12' title="bbox 252 1220 1436 1296; baseline -0.004 -13"><span class='ocrx_word' id='word_1_66' title='bbox 252 1242 375 1283; x_wconf 83' lang='lat' dir='ltr'><strong>non</strong></span> <span class='ocrx_word' id='word_1_67' title='bbox 424 1222 632 1296; x_wconf 78' lang='lat' dir='ltr'><strong>quaerit</strong></span> <span class='ocrx_word' id='word_1_68' title='bbox 676 1220 944 1294; x_wconf 87' lang='lat' dir='ltr'><strong>pretium,</strong></span> <span class='ocrx_word' id='word_1_69' title='bbox 995 1221 1106 1277; x_wconf 89' lang='lat' dir='ltr'><strong>nisi</strong></span> <span class='ocrx_word' id='word_1_70' title='bbox 1154 1221 1436 1293; x_wconf 84' lang='lat' dir='ltr'><strong>teipsum3</strong></span> 
     </span>
     <span class='ocr_line' id='line_1_13' title="bbox 251 1294 1442 1364; baseline -0.003 -11"><span class='ocrx_word' id='word_1_71' title='bbox 251 1300 480 1353; x_wconf 84' lang='lat' dir='ltr'><strong>tantum</strong></span> <span class='ocrx_word' id='word_1_72' title='bbox 510 1295 681 1362; x_wconf 87' lang='lat' dir='ltr'><strong>valet,</strong></span> <span class='ocrx_word' id='word_1_73' title='bbox 717 1296 991 1364; x_wconf 86' lang='lat' dir='ltr'><strong>quantum</strong></span> <span class='ocrx_word' id='word_1_74' title='bbox 1021 1297 1135 1361; x_wconf 85' lang='lat' dir='ltr'><strong>est3</strong></span> <span class='ocrx_word' id='word_1_75' title='bbox 1168 1297 1226 1349; x_wconf 90' lang='lat' dir='ltr'><strong>te</strong></span> <span class='ocrx_word' id='word_1_76' title='bbox 1253 1294 1348 1362; x_wconf 84' lang='lat' dir='ltr'><strong>da,</strong></span> <span class='ocrx_word' id='word_1_77' title='bbox 1384 1298 1442 1350; x_wconf 92' lang='lat' dir='ltr'><strong>et</strong></span> 
     </span>
     <span class='ocr_line' id='line_1_14' title="bbox 248 1364 1437 1434; baseline -0.004 -9"><span class='ocrx_word' id='word_1_78' title='bbox 248 1366 500 1425; x_wconf 81' lang='lat' dir='ltr'><strong>habebis</strong></span> <span class='ocrx_word' id='word_1_79' title='bbox 536 1365 716 1421; x_wconf 86' lang='lat' dir='ltr'><strong>illud:</strong></span> <span class='ocrx_word' id='word_1_80' title='bbox 747 1364 884 1434; x_wconf 87' lang='lat' dir='ltr'><strong>quid</strong></span> <span class='ocrx_word' id='word_1_81' title='bbox 924 1364 1175 1421; x_wconf 87' lang='lat' dir='ltr'><strong>turbaris</strong></span> <span class='ocrx_word' id='word_1_82' title='bbox 1204 1368 1261 1420; x_wconf 90' lang='lat' dir='ltr'><strong>te</strong></span> <span class='ocrx_word' id='word_1_83' title='bbox 1308 1380 1437 1434; x_wconf 86' lang='lat' dir='ltr'><strong>pre·</strong></span> 
     </span>
     <span class='ocr_line' id='line_1_15' title="bbox 248 1434 1438 1506; baseline -0.004 -11"><span class='ocrx_word' id='word_1_84' title='bbox 248 1437 389 1496; x_wconf 74' lang='lat' dir='ltr'><strong>tio‘?</strong></span> <span class='ocrx_word' id='word_1_85' title='bbox 443 1434 696 1493; x_wconf 83' lang='lat' dir='ltr'><strong>Christus</strong></span> <span class='ocrx_word' id='word_1_86' title='bbox 753 1435 1121 1506; x_wconf 85' lang='lat' dir='ltr'><strong>semetipsum</strong></span> <span class='ocrx_word' id='word_1_87' title='bbox 1181 1435 1438 1504; x_wconf 79' lang='lat' dir='ltr'><strong>tradidit,</strong></span> 
     </span>
     <span class='ocr_line' id='line_1_16' title="bbox 250 1506 1436 1577; baseline -0.003 -11"><span class='ocrx_word' id='word_1_88' title='bbox 250 1513 327 1567; x_wconf 81' lang='lat' dir='ltr'><strong>ut</strong></span> <span class='ocrx_word' id='word_1_89' title='bbox 361 1512 426 1564; x_wconf 86' lang='lat' dir='ltr'><strong>te</strong></span> <span class='ocrx_word' id='word_1_90' title='bbox 477 1506 791 1575; x_wconf 87' lang='lat' dir='ltr'><strong>acquireret</strong></span> <span class='ocrx_word' id='word_1_91' title='bbox 836 1522 1074 1577; x_wconf 87' lang='lat' dir='ltr'><strong>regnum</strong></span> <span class='ocrx_word' id='word_1_92' title='bbox 1113 1508 1231 1563; x_wconf 86' lang='lat' dir='ltr'><strong>Deo</strong></span> <span class='ocrx_word' id='word_1_93' title='bbox 1252 1506 1436 1564; x_wconf 82' lang='lat' dir='ltr'><strong>Patri:</strong></span> 
     </span>
     <span class='ocr_line' id='line_1_17' title="bbox 258 1577 1440 1649; baseline -0.003 -12"><span class='ocrx_word' id='word_1_94' title='bbox 258 1580 363 1637; x_wconf 75' lang='lat' dir='ltr'><strong>ita&#39;</strong></span> <span class='ocrx_word' id='word_1_95' title='bbox 384 1578 744 1649; x_wconf 88' lang='lat' dir='ltr'><strong>temetipsum</strong></span> <span class='ocrx_word' id='word_1_96' title='bbox 791 1578 887 1646; x_wconf 87' lang='lat' dir='ltr'><strong>da,</strong></span> <span class='ocrx_word' id='word_1_97' title='bbox 944 1583 1008 1634; x_wconf 92' lang='lat' dir='ltr'><strong>ut</strong></span> <span class='ocrx_word' id='word_1_98' title='bbox 1068 1577 1149 1634; x_wconf 90' lang='lat' dir='ltr'><strong>sis</strong></span> <span class='ocrx_word' id='word_1_99' title='bbox 1193 1593 1440 1649; x_wconf 89' lang='lat' dir='ltr'><strong>regnum</strong></span> 
     </span>
     <span class='ocr_line' id='line_1_18' title="bbox 258 1649 1439 1723; baseline -0.003 -15"><span class='ocrx_word' id='word_1_100' title='bbox 258 1651 417 1723; x_wconf 74' lang='lat' dir='ltr'><strong>ejuS,</strong></span> <span class='ocrx_word' id='word_1_101' title='bbox 458 1655 516 1705; x_wconf 81' lang='lat' dir='ltr'><strong>ut</strong></span> <span class='ocrx_word' id='word_1_102' title='bbox 544 1665 658 1705; x_wconf 90' lang='lat' dir='ltr'><strong>non</strong></span> <span class='ocrx_word' id='word_1_103' title='bbox 684 1652 889 1720; x_wconf 86' lang='lat' dir='ltr'><strong>regnet</strong></span> <span class='ocrx_word' id='word_1_104' title='bbox 928 1653 1222 1721; x_wconf 86' lang='lat' dir='ltr'><strong>peccatum</strong></span> <span class='ocrx_word' id='word_1_105' title='bbox 1255 1649 1315 1705; x_wconf 92' lang='lat' dir='ltr'><strong>in</strong></span> <span class='ocrx_word' id='word_1_106' title='bbox 1339 1653 1439 1705; x_wconf 88' lang='lat' dir='ltr'><strong>tuo</strong></span> 
     </span>
     <span class='ocr_line' id='line_1_19' title="bbox 253 1719 1439 1791; baseline -0.003 -12"><span class='ocrx_word' id='word_1_107' title='bbox 253 1720 491 1779; x_wconf 84' lang='lat' dir='ltr'><strong>mortali</strong></span> <span class='ocrx_word' id='word_1_108' title='bbox 520 1735 777 1791; x_wconf 87' lang='lat' dir='ltr'><strong>corpore,</strong></span> <span class='ocrx_word' id='word_1_109' title='bbox 822 1719 923 1777; x_wconf 87' lang='lat' dir='ltr'><strong>sed</strong></span> <span class='ocrx_word' id='word_1_110' title='bbox 952 1719 1207 1776; x_wconf 86' lang='lat' dir='ltr'><strong>Christus</strong></span> <span class='ocrx_word' id='word_1_111' title='bbox 1253 1719 1316 1776; x_wconf 90' lang='lat' dir='ltr'><strong>in</strong></span> <span class='ocrx_word' id='word_1_112' title='bbox 1345 1736 1439 1776; x_wconf 90' lang='lat' dir='ltr'><strong>ac-</strong></span> 
     </span>
     <span class='ocr_line' id='line_1_20' title="bbox 255 1790 1442 1865; baseline 0 -17"><span class='ocrx_word' id='word_1_113' title='bbox 255 1790 630 1865; x_wconf 87' lang='lat' dir='ltr'><strong>quisitionem</strong></span> <span class='ocrx_word' id='word_1_114' title='bbox 658 1790 814 1847; x_wconf 84' lang='lat' dir='ltr'><strong>vitae.</strong></span> <span class='ocrx_word' id='word_1_115' title='bbox 839 1810 873 1842; x_wconf 84' lang='lat'>»</span> <span class='ocrx_word' id='word_1_116' title='bbox 906 1790 976 1846; x_wconf 86' lang='lat' dir='ltr'><strong>Et</strong></span> <span class='ocrx_word' id='word_1_117' title='bbox 1003 1790 1247 1847; x_wconf 88' lang='lat' dir='ltr'><strong>iterum:</strong></span> <span class='ocrx_word' id='word_1_118' title='bbox 1281 1810 1311 1845; x_wconf 94' lang='lat'>«</span> <span class='ocrx_word' id='word_1_119' title='bbox 1337 1793 1442 1848; x_wconf 80' lang='lat' dir='ltr'><strong>Ve-</strong></span> 
     </span>
     <span class='ocr_line' id='line_1_21' title="bbox 256 1860 1437 1934; baseline -0.004 -12"><span class='ocrx_word' id='word_1_120' title='bbox 256 1864 394 1922; x_wconf 89' lang='lat' dir='ltr'><strong>nale</strong></span> <span class='ocrx_word' id='word_1_121' title='bbox 423 1863 628 1931; x_wconf 90' lang='lat' dir='ltr'><strong>habeo,</strong></span> <span class='ocrx_word' id='word_1_122' title='bbox 661 1862 820 1933; x_wconf 89' lang='lat' dir='ltr'><strong>quid,</strong></span> <span class='ocrx_word' id='word_1_123' title='bbox 846 1860 1085 1918; x_wconf 89' lang='lat' dir='ltr'><strong>Domine</strong></span> <span class='ocrx_word' id='word_1_124' title='bbox 1104 1863 1131 1917; x_wconf 66' lang='grc' dir='ltr'>Τ</span> <span class='ocrx_word' id='word_1_125' title='bbox 1156 1864 1437 1934; x_wconf 85' lang='lat' dir='ltr'><strong>Regnum.</strong></span> 
     </span>
     <span class='ocr_line' id='line_1_22' title="bbox 254 1934 1441 2004; baseline -0.001 -14"><span class='ocrx_word' id='word_1_126' title='bbox 254 1937 383 2002; x_wconf 87' lang='lat' dir='ltr'><strong>Quo</strong></span> <span class='ocrx_word' id='word_1_127' title='bbox 399 1934 671 1990; x_wconf 79' lang='lat' dir='ltr'><strong>emittur‘?</strong></span> <span class='ocrx_word' id='word_1_128' title='bbox 696 1934 1036 2004; x_wconf 82' lang='lat' dir='ltr'><strong>Paupertate</strong></span> <span class='ocrx_word' id='word_1_129' title='bbox 1061 1949 1321 2004; x_wconf 87' lang='lat' dir='ltr'><strong>regnum,</strong></span> <span class='ocrx_word' id='word_1_130' title='bbox 1345 1934 1441 1989; x_wconf 87' lang='lat' dir='ltr'><strong>do-</strong></span> 
     </span>
     <span class='ocr_line' id='line_1_23' title="bbox 251 2003 1442 2077; baseline -0.002 -15"><span class='ocrx_word' id='word_1_131' title='bbox 251 2006 378 2062; x_wconf 89' lang='lat' dir='ltr'><strong>lore</strong></span> <span class='ocrx_word' id='word_1_132' title='bbox 394 2005 687 2077; x_wconf 89' lang='lat' dir='ltr'><strong>gaudium,</strong></span> <span class='ocrx_word' id='word_1_133' title='bbox 711 2005 906 2060; x_wconf 88' lang='lat' dir='ltr'><strong>labore</strong></span> <span class='ocrx_word' id='word_1_134' title='bbox 934 2004 1181 2075; x_wconf 77' lang='lat' dir='ltr'><strong>requieS‚</strong></span> <span class='ocrx_word' id='word_1_135' title='bbox 1202 2003 1442 2074; x_wconf 87' lang='lat' dir='ltr'><strong>ignomi-</strong></span> 
     </span>
     <span class='ocr_line' id='line_1_24' title="bbox 250 2074 1439 2148; baseline -0.003 -15"><span class='ocrx_word' id='word_1_136' title='bbox 250 2077 354 2134; x_wconf 87' lang='lat' dir='ltr'><strong>nia</strong></span> <span class='ocrx_word' id='word_1_137' title='bbox 394 2076 596 2148; x_wconf 86' lang='lat' dir='ltr'><strong>gloria,</strong></span> <span class='ocrx_word' id='word_1_138' title='bbox 633 2080 818 2131; x_wconf 89' lang='lat' dir='ltr'><strong>morte</strong></span> <span class='ocrx_word' id='word_1_139' title='bbox 841 2074 957 2130; x_wconf 88' lang='lat' dir='ltr'><strong>vita</strong></span> <span class='ocrx_word' id='word_1_140' title='bbox 986 2095 1004 2130; x_wconf 72' lang='grc' dir='ltr'><strong><em>ε</em></strong></span> <span class='ocrx_word' id='word_1_141' title='bbox 1035 2095 1064 2126; x_wconf 90' lang='lat'>»</span> <span class='ocrx_word' id='word_1_142' title='bbox 1090 2076 1215 2131; x_wconf 87' lang='lat' dir='ltr'><strong>haec</strong></span> <span class='ocrx_word' id='word_1_143' title='bbox 1244 2076 1439 2143; x_wconf 74' lang='grc' dir='ltr'><strong><em>Λαρα-</em></strong></span> 
     </span>
     <span class='ocr_line' id='line_1_25' title="bbox 252 2145 1439 2215; baseline -0.002 -11"><span class='ocrx_word' id='word_1_144' title='bbox 252 2151 460 2206; x_wconf 69' lang='lat' dir='ltr'><strong>atinus.</strong></span> <span class='ocrx_word' id='word_1_145' title='bbox 496 2147 654 2202; x_wconf 87' lang='lat' dir='ltr'><strong>Unde</strong></span> <span class='ocrx_word' id='word_1_146' title='bbox 693 2152 751 2202; x_wconf 88' lang='lat' dir='ltr'><strong>et</strong></span> <span class='ocrx_word' id='word_1_147' title='bbox 777 2147 1188 2215; x_wconf 76' lang='lat' dir='ltr'><strong>chrysostomus</strong></span> <span class='ocrx_word' id='word_1_148' title='bbox 1222 2162 1236 2201; x_wconf 87' lang='lat'>:</span> <span class='ocrx_word' id='word_1_149' title='bbox 1274 2168 1303 2198; x_wconf 89' lang='lat'>«</span> <span class='ocrx_word' id='word_1_150' title='bbox 1334 2145 1439 2214; x_wconf 89' lang='lat' dir='ltr'><strong>Qui</strong></span> 
     </span>
     <span class='ocr_line' id='line_1_26' title="bbox 254 2216 1437 2290; baseline -0.002 -15"><span class='ocrx_word' id='word_1_151' title='bbox 254 2219 509 2290; x_wconf 88' lang='lat' dir='ltr'><strong>seipsum</strong></span> <span class='ocrx_word' id='word_1_152' title='bbox 527 2216 759 2274; x_wconf 89' lang='lat' dir='ltr'><strong>donavit</strong></span> <span class='ocrx_word' id='word_1_153' title='bbox 781 2216 1128 2287; x_wconf 78' lang='lat' dir='ltr'><strong>hominibuS‚</strong></span> <span class='ocrx_word' id='word_1_154' title='bbox 1152 2218 1437 2288; x_wconf 89' lang='lat' dir='ltr'><strong>quomodo</strong></span> 
     </span>
     <span class='ocr_line' id='line_1_27' title="bbox 251 2287 1441 2360; baseline -0.002 -13"><span class='ocrx_word' id='word_1_155' title='bbox 251 2290 421 2360; x_wconf 88' lang='lat' dir='ltr'><strong>regni</strong></span> <span class='ocrx_word' id='word_1_156' title='bbox 443 2289 532 2345; x_wconf 92' lang='lat' dir='ltr'><strong>sui</strong></span> <span class='ocrx_word' id='word_1_157' title='bbox 555 2287 883 2345; x_wconf 88' lang='lat' dir='ltr'><strong>societatem</strong></span> <span class='ocrx_word' id='word_1_158' title='bbox 903 2304 1020 2344; x_wconf 90' lang='lat' dir='ltr'><strong>non</strong></span> <span class='ocrx_word' id='word_1_159' title='bbox 1046 2287 1241 2345; x_wconf 81' lang='lat' dir='ltr'><strong>dabit?</strong></span> <span class='ocrx_word' id='word_1_160' title='bbox 1265 2308 1293 2341; x_wconf 89' lang='lat'><strong>›&gt;</strong></span> <span class='ocrx_word' id='word_1_161' title='bbox 1316 2290 1441 2345; x_wconf 84' lang='lat' dir='ltr'><strong>haec</strong></span> 
     </span>
     <span class='ocr_line' id='line_1_28' title="bbox 255 2358 1438 2431; baseline -0.003 -12"><span class='ocrx_word' id='word_1_162' title='bbox 255 2363 691 2431; x_wconf 72' lang='lat' dir='ltr'><strong>chrysostomus,</strong></span> <span class='ocrx_word' id='word_1_163' title='bbox 733 2363 756 2415; x_wconf 95' lang='grc' dir='ltr'><strong>Ι</strong></span> <span class='ocrx_word' id='word_1_164' title='bbox 798 2358 914 2416; x_wconf 91' lang='lat' dir='ltr'><strong>itur</strong></span> <span class='ocrx_word' id='word_1_165' title='bbox 942 2376 1057 2415; x_wconf 90' lang='lat' dir='ltr'><strong>non</strong></span> <span class='ocrx_word' id='word_1_166' title='bbox 1085 2376 1269 2429; x_wconf 81' lang='lat' dir='ltr'><strong>cureS,</strong></span> <span class='ocrx_word' id='word_1_167' title='bbox 1303 2359 1438 2430; x_wconf 91' lang='lat' dir='ltr'><strong>quid</strong></span> 
     </span>
     <span class='ocr_line' id='line_1_29' title="bbox 255 2430 1438 2503; baseline -0.002 -15"><span class='ocrx_word' id='word_1_168' title='bbox 255 2433 346 2499; x_wconf 88' lang='lat' dir='ltr'><strong>vel</strong></span> <span class='ocrx_word' id='word_1_169' title='bbox 377 2438 750 2503; x_wconf 88' lang='lat' dir='ltr'><strong>quantummo</strong></span> <span class='ocrx_word' id='word_1_170' title='bbox 794 2447 828 2486; x_wconf 92' lang='lat' dir='ltr'><strong>o</strong></span> <span class='ocrx_word' id='word_1_171' title='bbox 868 2430 1074 2487; x_wconf 88' lang='lat' dir='ltr'><strong>coelum</strong></span> <span class='ocrx_word' id='word_1_172' title='bbox 1105 2435 1347 2499; x_wconf 83' lang='lat' dir='ltr'><strong>constet3</strong></span> <span class='ocrx_word' id='word_1_173' title='bbox 1381 2435 1438 2487; x_wconf 94' lang='lat' dir='ltr'><strong>et</strong></span> 
     </span>
     <span class='ocr_line' id='line_1_30' title="bbox 251 2501 1435 2576; baseline 0 -17"><span class='ocrx_word' id='word_1_174' title='bbox 251 2502 393 2576; x_wconf 85' lang='lat' dir='ltr'><strong>quid</strong></span> <span class='ocrx_word' id='word_1_175' title='bbox 407 2503 495 2559; x_wconf 90' lang='lat' dir='ltr'><strong>vel</strong></span> <span class='ocrx_word' id='word_1_176' title='bbox 512 2507 785 2575; x_wconf 89' lang='lat' dir='ltr'><strong>quantum</strong></span> <span class='ocrx_word' id='word_1_177' title='bbox 804 2503 873 2559; x_wconf 90' lang='lat' dir='ltr'><strong>de</strong></span> <span class='ocrx_word' id='word_1_178' title='bbox 892 2501 1207 2559; x_wconf 90' lang='lat' dir='ltr'><strong>commodis</strong></span> <span class='ocrx_word' id='word_1_179' title='bbox 1228 2519 1327 2559; x_wconf 88' lang='lat' dir='ltr'><strong>seu</strong></span> <span class='ocrx_word' id='word_1_180' title='bbox 1346 2503 1435 2559; x_wconf 88' lang='lat' dir='ltr'><strong>lu·</strong></span> 
     </span>
     <span class='ocr_line' id='line_1_31' title="bbox 253 2573 1436 2646; baseline -0.002 -15"><span class='ocrx_word' id='word_1_181' title='bbox 253 2575 370 2631; x_wconf 86' lang='lat' dir='ltr'><strong>cris</strong></span> <span class='ocrx_word' id='word_1_182' title='bbox 384 2574 799 2646; x_wconf 85' lang='lat' dir='ltr'><strong>temporalibus</strong></span> <span class='ocrx_word' id='word_1_183' title='bbox 819 2574 1026 2645; x_wconf 86' lang='lat' dir='ltr'><strong>perdas</strong></span> <span class='ocrx_word' id='word_1_184' title='bbox 1042 2592 1058 2644; x_wconf 86' lang='lat'>3</span> <span class='ocrx_word' id='word_1_185' title='bbox 1077 2578 1177 2631; x_wconf 90' lang='lat' dir='ltr'><strong>aut</strong></span> <span class='ocrx_word' id='word_1_186' title='bbox 1195 2573 1328 2644; x_wconf 90' lang='lat' dir='ltr'><strong>quid</strong></span> <span class='ocrx_word' id='word_1_187' title='bbox 1347 2574 1436 2630; x_wconf 88' lang='lat' dir='ltr'><strong>vel</strong></span> 
     </span>
     <span class='ocr_line' id='line_1_32' title="bbox 256 2645 1439 2719; baseline -0.001 -17"><span class='ocrx_word' id='word_1_188' title='bbox 256 2651 539 2719; x_wconf 89' lang='lat' dir='ltr'><strong>quantum</strong></span> <span class='ocrx_word' id='word_1_189' title='bbox 569 2647 642 2702; x_wconf 94' lang='lat' dir='ltr'><strong>de</strong></span> <span class='ocrx_word' id='word_1_190' title='bbox 674 2645 1051 2701; x_wconf 88' lang='lat' dir='ltr'><strong>incommodis</strong></span> <span class='ocrx_word' id='word_1_191' title='bbox 1082 2661 1181 2701; x_wconf 86' lang='lat' dir='ltr'><strong>seu</strong></span> <span class='ocrx_word' id='word_1_192' title='bbox 1212 2645 1439 2701; x_wconf 89' lang='lat' dir='ltr'><strong>damnis</strong></span> 
     </span>
     <span class='ocr_line' id='line_1_33' title="bbox 247 2716 1439 2788; baseline -0.002 -14"><span class='ocrx_word' id='word_1_193' title='bbox 247 2723 366 2774; x_wconf 89' lang='lat' dir='ltr'><strong>tem</strong></span> <span class='ocrx_word' id='word_1_194' title='bbox 410 2717 662 2774; x_wconf 88' lang='lat' dir='ltr'><strong>oralibus</strong></span> <span class='ocrx_word' id='word_1_195' title='bbox 721 2716 1028 2786; x_wconf 87' lang='lat' dir='ltr'><strong>sustineas,</strong></span> <span class='ocrx_word' id='word_1_196' title='bbox 1080 2721 1146 2773; x_wconf 85' lang='lat' dir='ltr'><strong>ut</strong></span> <span class='ocrx_word' id='word_1_197' title='bbox 1194 2732 1439 2788; x_wconf 88' lang='lat' dir='ltr'><strong>regnum</strong></span> 
     </span>
     <span class='ocr_line' id='line_1_34' title="bbox 249 2734 1433 2871; baseline -0.002 -26"><span class='ocrx_word' id='word_1_198' title='bbox 249 2734 416 2857; x_wconf 53' lang='lat' dir='ltr'><strong>illud),</strong></span> <span class='ocrx_word' id='word_1_199' title='bbox 444 2790 518 2845; x_wconf 92' lang='lat' dir='ltr'><strong>de</strong></span> <span class='ocrx_word' id='word_1_200' title='bbox 539 2805 654 2860; x_wconf 88' lang='lat' dir='ltr'><strong>quo</strong></span> <span class='ocrx_word' id='word_1_201' title='bbox 679 2794 797 2871; x_wconf 80' lang='lat' dir='ltr'><strong>tam</strong></span> <span class='ocrx_word' id='word_1_202' title='bbox 826 2787 1077 2859; x_wconf 88' lang='lat' dir='ltr'><strong>gloriosa</strong></span> <span class='ocrx_word' id='word_1_203' title='bbox 1104 2787 1257 2844; x_wconf 90' lang='lat' dir='ltr'><strong>dicta</strong></span> <span class='ocrx_word' id='word_1_204' title='bbox 1282 2793 1433 2860; x_wconf 87' lang='lat' dir='ltr'><strong>sunt,</strong></span> 
     </span>
     <span class='ocr_line' id='line_1_35' title="bbox 256 2860 889 2932; baseline -0.003 -16"><span class='ocrx_word' id='word_1_205' title='bbox 256 2861 454 2931; x_wconf 87' lang='lat' dir='ltr'><strong>rapias</strong></span> <span class='ocrx_word' id='word_1_206' title='bbox 484 2864 541 2916; x_wconf 90' lang='lat' dir='ltr'><strong>et</strong></span> <span class='ocrx_word' id='word_1_207' title='bbox 575 2860 889 2932; x_wconf 67' lang='lat' dir='ltr'><strong>possideas</strong></span> 
     </span>
    </p>

    <p class='ocr_par' dir='ltr' id='par_1_3' title="bbox 253 2935 1439 4427">
     <span class='ocr_line' id='line_1_36' title="bbox 335 2935 1438 2988; baseline -0.002 -1"><span class='ocrx_word' id='word_1_208' title='bbox 335 2937 401 2987; x_wconf 82' lang='lat'><strong>15</strong></span> <span class='ocrx_word' id='word_1_209' title='bbox 449 2935 692 2988; x_wconf 58' lang='lat' dir='ltr'><strong>Joannes</strong></span> <span class='ocrx_word' id='word_1_210' title='bbox 726 2948 922 2987; x_wconf 69' lang='lat' dir='ltr'><strong>namus</strong></span> <span class='ocrx_word' id='word_1_211' title='bbox 979 2948 1100 2986; x_wconf 78' lang='lat' dir='ltr'><strong>Furr</strong></span> <span class='ocrx_word' id='word_1_212' title='bbox 1136 2948 1297 2988; x_wconf 68' lang='lat' dir='ltr'><strong>mma</strong></span> <span class='ocrx_word' id='word_1_213' title='bbox 1343 2948 1438 2985; x_wconf 74' lang='lat' dir='ltr'><strong>vn·</strong></span> 
     </span>
     <span class='ocr_line' id='line_1_37' title="bbox 254 3002 1432 3072; baseline -0.001 -13"><span class='ocrx_word' id='word_1_214' title='bbox 254 3021 443 3059; x_wconf 66' lang='lat' dir='ltr'><strong>‘sensu</strong></span> <span class='ocrx_word' id='word_1_215' title='bbox 504 3021 566 3057; x_wconf 77' lang='lat' dir='ltr'><strong>m</strong></span> <span class='ocrx_word' id='word_1_216' title='bbox 623 3021 807 3072; x_wconf 66' lang='lat' dir='ltr'><strong>noun</strong></span> <span class='ocrx_word' id='word_1_217' title='bbox 850 3019 1045 3059; x_wconf 74' lang='lat' dir='ltr'><strong>LEGEM.</strong></span> <span class='ocrx_word' id='word_1_218' title='bbox 1088 3034 1158 3042; x_wconf 94' lang='lat'><strong>—</strong></span> <span class='ocrx_word' id='word_1_219' title='bbox 1217 3002 1432 3058; x_wconf 86' lang='lat' dir='ltr'><strong>Deinde</strong></span> 
     </span>
     <span class='ocr_line' id='line_1_38' title="bbox 259 3073 1435 3144; baseline -0.003 -13"><span class='ocrx_word' id='word_1_220' title='bbox 259 3073 534 3132; x_wconf 91' lang='lat' dir='ltr'><strong>subditur</strong></span> <span class='ocrx_word' id='word_1_221' title='bbox 575 3092 587 3129; x_wconf 75' lang='grc' dir='ltr'><strong><em>ε</em></strong></span> <span class='ocrx_word' id='word_1_222' title='bbox 627 3076 818 3130; x_wconf 82' lang='lat' dir='ltr'><strong>Omnes</strong></span> <span class='ocrx_word' id='word_1_223' title='bbox 861 3077 1005 3129; x_wconf 83' lang='lat' dir='ltr'><strong>enim</strong></span> <span class='ocrx_word' id='word_1_224' title='bbox 1059 3075 1346 3144; x_wconf 66' lang='lat' dir='ltr'><strong>Prophetae</strong></span> <span class='ocrx_word' id='word_1_225' title='bbox 1382 3077 1435 3127; x_wconf 82' lang='lat' dir='ltr'><strong>et</strong></span> 
     </span>
     <span class='ocr_line' id='line_1_39' title="bbox 254 3144 1430 3215; baseline -0.003 -13"><span class='ocrx_word' id='word_1_226' title='bbox 254 3149 398 3210; x_wconf 79' lang='lat' dir='ltr'><strong>Leoe,</strong></span> <span class='ocrx_word' id='word_1_227' title='bbox 433 3160 559 3215; x_wconf 87' lang='lat' dir='ltr'><strong>quae</strong></span> <span class='ocrx_word' id='word_1_228' title='bbox 599 3150 763 3202; x_wconf 89' lang='lat' dir='ltr'><strong>erant</strong></span> <span class='ocrx_word' id='word_1_229' title='bbox 807 3146 877 3201; x_wconf 93' lang='lat' dir='ltr'><strong>de</strong></span> <span class='ocrx_word' id='word_1_230' title='bbox 916 3144 1138 3202; x_wconf 88' lang='lat' dir='ltr'><strong>Christo</strong></span> <span class='ocrx_word' id='word_1_231' title='bbox 1169 3149 1430 3211; x_wconf 88' lang='lat' dir='ltr'><strong>ventur0,</strong></span> 
     </span>
     <span class='ocr_line' id='line_1_40' title="bbox 256 3218 1434 3287; baseline -0.003 -14"><span class='ocrx_word' id='word_1_232' title='bbox 256 3218 633 3285; x_wconf 90' lang='lat' dir='ltr'><strong>duraverunt,</strong></span> <span class='ocrx_word' id='word_1_233' title='bbox 676 3222 732 3272; x_wconf 92' lang='lat' dir='ltr'><strong>et</strong></span> <span class='ocrx_word' id='word_1_234' title='bbox 766 3218 1234 3287; x_wconf 81' lang='lat' dir='ltr'><strong>prophetaverunt</strong></span> <span class='ocrx_word' id='word_1_235' title='bbox 1260 3231 1434 3285; x_wconf 81' lang='lat' dir='ltr'><strong>usque</strong></span> 
     </span>
     <span class='ocr_line' id='line_1_41' title="bbox 259 3287 1434 3357; baseline -0.003 -13"><span class='ocrx_word' id='word_1_236' title='bbox 259 3290 336 3344; x_wconf 83' lang='lat' dir='ltr'><strong>ad</strong></span> <span class='ocrx_word' id='word_1_237' title='bbox 360 3291 645 3355; x_wconf 75' lang='lat' dir='ltr'><strong>Ioannem,</strong></span> <span class='ocrx_word' id='word_1_238' title='bbox 678 3287 737 3343; x_wconf 94' lang='lat' dir='ltr'><strong>id</strong></span> <span class='ocrx_word' id='word_1_239' title='bbox 767 3292 853 3343; x_wconf 90' lang='lat' dir='ltr'><strong>est</strong></span> <span class='ocrx_word' id='word_1_240' title='bbox 896 3303 1074 3357; x_wconf 86' lang='lat' dir='ltr'><strong>usque</strong></span> <span class='ocrx_word' id='word_1_241' title='bbox 1112 3287 1186 3342; x_wconf 90' lang='lat' dir='ltr'><strong>ad</strong></span> <span class='ocrx_word' id='word_1_242' title='bbox 1211 3290 1434 3357; x_wconf 86' lang='lat' dir='ltr'><strong>tempus</strong></span> 
     </span>
     <span class='ocr_line' id='line_1_42' title="bbox 256 3356 1431 3428; baseline -0.004 -12"><span class='ocrx_word' id='word_1_243' title='bbox 256 3358 501 3417; x_wconf 84' lang='lat' dir='ltr'><strong>Joannis</strong></span> <span class='ocrx_word' id='word_1_244' title='bbox 531 3363 589 3414; x_wconf 90' lang='lat' dir='ltr'><strong>et</strong></span> <span class='ocrx_word' id='word_1_245' title='bbox 616 3358 790 3414; x_wconf 89' lang='lat' dir='ltr'><strong>etiam</strong></span> <span class='ocrx_word' id='word_1_246' title='bbox 818 3357 1025 3415; x_wconf 88' lang='lat' dir='ltr'><strong>Christi</strong></span> <span class='ocrx_word' id='word_1_247' title='bbox 1057 3375 1070 3413; x_wconf 92' lang='lat'><strong>:</strong></span> <span class='ocrx_word' id='word_1_248' title='bbox 1106 3357 1238 3428; x_wconf 84' lang='lat' dir='ltr'><strong>quia</strong></span> <span class='ocrx_word' id='word_1_249' title='bbox 1272 3356 1431 3414; x_wconf 88' lang='lat' dir='ltr'><strong>Chri·</strong></span> 
     </span>
     <span class='ocr_line' id='line_1_43' title="bbox 260 3428 1432 3500; baseline -0.003 -14"><span class='ocrx_word' id='word_1_250' title='bbox 260 3435 388 3487; x_wconf 90' lang='lat' dir='ltr'><strong>stus</strong></span> <span class='ocrx_word' id='word_1_251' title='bbox 426 3435 485 3486; x_wconf 88' lang='lat' dir='ltr'><strong>et</strong></span> <span class='ocrx_word' id='word_1_252' title='bbox 520 3433 770 3487; x_wconf 88' lang='lat' dir='ltr'><strong>Joannes</strong></span> <span class='ocrx_word' id='word_1_253' title='bbox 805 3431 1039 3485; x_wconf 87' lang='lat' dir='ltr'><strong>suerunt</strong></span> <span class='ocrx_word' id='word_1_254' title='bbox 1086 3428 1246 3500; x_wconf 86' lang='lat' dir='ltr'><strong>quasi</strong></span> <span class='ocrx_word' id='word_1_255' title='bbox 1297 3444 1432 3484; x_wconf 90' lang='lat' dir='ltr'><strong>con-</strong></span> 
     </span>
     <span class='ocr_line' id='line_1_44' title="bbox 258 3500 1434 3572; baseline -0.002 -16"><span class='ocrx_word' id='word_1_256' title='bbox 258 3500 639 3572; x_wconf 88' lang='lat' dir='ltr'><strong>temporanei,</strong></span> <span class='ocrx_word' id='word_1_257' title='bbox 657 3517 724 3557; x_wconf 83' lang='lat' dir='ltr'><strong>ex</strong></span> <span class='ocrx_word' id='word_1_258' title='bbox 749 3505 882 3556; x_wconf 91' lang='lat' dir='ltr'><strong>tunc</strong></span> <span class='ocrx_word' id='word_1_259' title='bbox 899 3502 1051 3557; x_wconf 90' lang='lat' dir='ltr'><strong>enim</strong></span> <span class='ocrx_word' id='word_1_260' title='bbox 1070 3504 1434 3556; x_wconf 87' lang='lat' dir='ltr'><strong>cessaverunt</strong></span> 
     </span>
     <span class='ocr_line' id='line_1_45' title="bbox 263 3570 1432 3644; baseline -0.003 -15"><span class='ocrx_word' id='word_1_261' title='bbox 263 3572 473 3643; x_wconf 89' lang='lat' dir='ltr'><strong>legalia</strong></span> <span class='ocrx_word' id='word_1_262' title='bbox 546 3577 607 3628; x_wconf 86' lang='lat' dir='ltr'><strong>et</strong></span> <span class='ocrx_word' id='word_1_263' title='bbox 655 3572 1005 3644; x_wconf 85' lang='lat' dir='ltr'><strong>prophetica.</strong></span> <span class='ocrx_word' id='word_1_264' title='bbox 1065 3571 1170 3628; x_wconf 90' lang='lat' dir='ltr'><strong>Ubi</strong></span> <span class='ocrx_word' id='word_1_265' title='bbox 1223 3570 1432 3627; x_wconf 87' lang='lat' dir='ltr'><strong>Christi</strong></span> 
     </span>
     <span class='ocr_line' id='line_1_46' title="bbox 261 3641 1437 3716; baseline -0.001 -18"><span class='ocrx_word' id='word_1_266' title='bbox 261 3648 490 3716; x_wconf 90' lang='lat' dir='ltr'><strong>tempus</strong></span> <span class='ocrx_word' id='word_1_267' title='bbox 526 3643 864 3712; x_wconf 86' lang='lat' dir='ltr'><strong>ostenditur,</strong></span> <span class='ocrx_word' id='word_1_268' title='bbox 895 3648 957 3699; x_wconf 92' lang='lat' dir='ltr'><strong>ut</strong></span> <span class='ocrx_word' id='word_1_269' title='bbox 986 3658 1156 3713; x_wconf 87' lang='lat' dir='ltr'><strong>quem</strong></span> <span class='ocrx_word' id='word_1_270' title='bbox 1190 3641 1271 3698; x_wconf 91' lang='lat' dir='ltr'><strong>illi</strong></span> <span class='ocrx_word' id='word_1_271' title='bbox 1306 3658 1437 3697; x_wconf 90' lang='lat' dir='ltr'><strong>ven-</strong></span> 
     </span>
     <span class='ocr_line' id='line_1_47' title="bbox 258 3713 1434 3784; baseline -0.002 -13"><span class='ocrx_word' id='word_1_272' title='bbox 258 3720 454 3771; x_wconf 89' lang='lat' dir='ltr'><strong>turum</strong></span> <span class='ocrx_word' id='word_1_273' title='bbox 486 3730 611 3770; x_wconf 90' lang='lat' dir='ltr'><strong>esse</strong></span> <span class='ocrx_word' id='word_1_274' title='bbox 635 3715 921 3784; x_wconf 87' lang='lat' dir='ltr'><strong>dixerunt,</strong></span> <span class='ocrx_word' id='word_1_275' title='bbox 940 3717 1193 3771; x_wconf 88' lang='lat' dir='ltr'><strong>Joannes</strong></span> <span class='ocrx_word' id='word_1_276' title='bbox 1212 3713 1434 3769; x_wconf 87' lang='lat' dir='ltr'><strong>venisse</strong></span> 
     </span>
     <span class='ocr_line' id='line_1_48' title="bbox 261 3786 1435 3856; baseline -0.003 -14"><span class='ocrx_word' id='word_1_277' title='bbox 261 3786 628 3853; x_wconf 83' lang='lat' dir='ltr'><strong>ostenderet3</strong></span> <span class='ocrx_word' id='word_1_278' title='bbox 680 3802 796 3841; x_wconf 84' lang='lat' dir='ltr'><strong>non</strong></span> <span class='ocrx_word' id='word_1_279' title='bbox 843 3786 996 3856; x_wconf 84' lang='lat' dir='ltr'><strong>quod</strong></span> <span class='ocrx_word' id='word_1_280' title='bbox 1044 3790 1182 3840; x_wconf 86' lang='lat' dir='ltr'><strong>tunc</strong></span> <span class='ocrx_word' id='word_1_281' title='bbox 1227 3787 1337 3841; x_wconf 85' lang='lat' dir='ltr'><strong>Lex</strong></span> <span class='ocrx_word' id='word_1_282' title='bbox 1378 3789 1435 3840; x_wconf 91' lang='lat' dir='ltr'><strong>et</strong></span> 
     </span>
     <span class='ocr_line' id='line_1_49' title="bbox 261 3855 1439 3930; baseline -0.002 -18"><span class='ocrx_word' id='word_1_283' title='bbox 261 3856 572 3930; x_wconf 87' lang='lat' dir='ltr'><strong>prophetia</strong></span> <span class='ocrx_word' id='word_1_284' title='bbox 598 3856 811 3912; x_wconf 88' lang='lat' dir='ltr'><strong>suerint</strong></span> <span class='ocrx_word' id='word_1_285' title='bbox 839 3855 1171 3925; x_wconf 86' lang='lat' dir='ltr'><strong>annihilata,</strong></span> <span class='ocrx_word' id='word_1_286' title='bbox 1196 3855 1312 3911; x_wconf 92' lang='lat' dir='ltr'><strong>imo</strong></span> <span class='ocrx_word' id='word_1_287' title='bbox 1337 3855 1439 3910; x_wconf 90' lang='lat' dir='ltr'><strong>im-</strong></span> 
     </span>
     <span class='ocr_line' id='line_1_50' title="bbox 262 3926 1430 4000; baseline -0.001 -17"><span class='ocrx_word' id='word_1_288' title='bbox 262 3929 441 4000; x_wconf 88' lang='lat' dir='ltr'><strong>pleta,</strong></span> <span class='ocrx_word' id='word_1_289' title='bbox 476 3933 532 3982; x_wconf 90' lang='lat' dir='ltr'><strong>et</strong></span> <span class='ocrx_word' id='word_1_290' title='bbox 569 3926 920 4000; x_wconf 85' lang='lat' dir='ltr'><strong>imperfectio</strong></span> <span class='ocrx_word' id='word_1_291' title='bbox 957 3927 1181 3983; x_wconf 90' lang='lat' dir='ltr'><strong>illarum</strong></span> <span class='ocrx_word' id='word_1_292' title='bbox 1211 3933 1430 3983; x_wconf 89' lang='lat' dir='ltr'><strong>amota:</strong></span> 
     </span>
     <span class='ocr_line' id='line_1_51' title="bbox 264 3997 1434 4070; baseline -0.001 -16"><span class='ocrx_word' id='word_1_293' title='bbox 264 3999 400 4070; x_wconf 89' lang='lat' dir='ltr'><strong>quia</strong></span> <span class='ocrx_word' id='word_1_294' title='bbox 428 4015 496 4054; x_wconf 85' lang='lat' dir='ltr'><strong>ex</strong></span> <span class='ocrx_word' id='word_1_295' title='bbox 527 4003 659 4054; x_wconf 89' lang='lat' dir='ltr'><strong>tunc</strong></span> <span class='ocrx_word' id='word_1_296' title='bbox 698 3997 998 4070; x_wconf 86' lang='lat' dir='ltr'><strong>praedicari</strong></span> <span class='ocrx_word' id='word_1_297' title='bbox 1037 3997 1209 4069; x_wconf 87' lang='lat' dir='ltr'><strong>coepit</strong></span> <span class='ocrx_word' id='word_1_298' title='bbox 1246 3997 1434 4068; x_wconf 83' lang='lat' dir='ltr'><strong>perfe-</strong></span> 
     </span>
     <span class='ocr_line' id='line_1_52' title="bbox 264 4067 1435 4140; baseline -0.003 -14"><span class='ocrx_word' id='word_1_299' title='bbox 264 4070 379 4126; x_wconf 87' lang='lat' dir='ltr'><strong>ctio</strong></span> <span class='ocrx_word' id='word_1_300' title='bbox 408 4069 769 4140; x_wconf 83' lang='lat' dir='ltr'><strong>Evangelica.</strong></span> <span class='ocrx_word' id='word_1_301' title='bbox 812 4072 897 4126; x_wconf 89' lang='lat' dir='ltr'><strong>Ita</strong></span> <span class='ocrx_word' id='word_1_302' title='bbox 925 4072 1176 4126; x_wconf 89' lang='lat' dir='ltr'><strong>Joannes</strong></span> <span class='ocrx_word' id='word_1_303' title='bbox 1209 4067 1435 4123; x_wconf 89' lang='lat' dir='ltr'><strong>initium</strong></span> 
     </span>
     <span class='ocr_line' id='line_1_53' title="bbox 261 4139 1438 4211; baseline -0.003 -14"><span class='ocrx_word' id='word_1_304' title='bbox 261 4145 352 4197; x_wconf 89' lang='lat' dir='ltr'><strong>est</strong></span> <span class='ocrx_word' id='word_1_305' title='bbox 402 4140 697 4211; x_wconf 88' lang='lat' dir='ltr'><strong>Evangelii</strong></span> <span class='ocrx_word' id='word_1_306' title='bbox 740 4146 798 4196; x_wconf 94' lang='lat' dir='ltr'><strong>et</strong></span> <span class='ocrx_word' id='word_1_307' title='bbox 851 4142 1133 4196; x_wconf 88' lang='lat' dir='ltr'><strong>terminus</strong></span> <span class='ocrx_word' id='word_1_308' title='bbox 1174 4139 1338 4211; x_wconf 88' lang='lat' dir='ltr'><strong>Legis</strong></span> <span class='ocrx_word' id='word_1_309' title='bbox 1380 4143 1438 4194; x_wconf 93' lang='lat' dir='ltr'><strong>et</strong></span> 
     </span>
     <span class='ocr_line' id='line_1_54' title="bbox 258 4210 1434 4292; baseline -0.003 -24"><span class='ocrx_word' id='word_1_310' title='bbox 258 4212 700 4292; x_wconf 82' lang='lat' dir='ltr'><strong>Prophetarum.</strong></span> <span class='ocrx_word' id='word_1_311' title='bbox 736 4214 845 4268; x_wconf 83' lang='lat' dir='ltr'><strong>Lex</strong></span> <span class='ocrx_word' id='word_1_312' title='bbox 885 4211 1038 4268; x_wconf 92' lang='lat' dir='ltr'><strong>enim</strong></span> <span class='ocrx_word' id='word_1_313' title='bbox 1080 4216 1136 4267; x_wconf 93' lang='lat' dir='ltr'><strong>et</strong></span> <span class='ocrx_word' id='word_1_314' title='bbox 1184 4210 1434 4283; x_wconf 89' lang='lat' dir='ltr'><strong>prophe·</strong></span> 
     </span>
     <span class='ocr_line' id='line_1_55' title="bbox 256 4281 1437 4355; baseline -0.002 -16"><span class='ocrx_word' id='word_1_315' title='bbox 256 4282 337 4339; x_wconf 91' lang='lat' dir='ltr'><strong>tia</strong></span> <span class='ocrx_word' id='word_1_316' title='bbox 380 4282 461 4339; x_wconf 81' lang='lat' dir='ltr'><strong>lbi</strong></span> <span class='ocrx_word' id='word_1_317' title='bbox 500 4283 728 4351; x_wconf 87' lang='lat' dir='ltr'><strong>finiunt,</strong></span> <span class='ocrx_word' id='word_1_318' title='bbox 756 4281 852 4339; x_wconf 91' lang='lat' dir='ltr'><strong>ubi</strong></span> <span class='ocrx_word' id='word_1_319' title='bbox 890 4282 948 4339; x_wconf 90' lang='lat' dir='ltr'><strong>id</strong></span> <span class='ocrx_word' id='word_1_320' title='bbox 986 4281 1139 4355; x_wconf 89' lang='lat' dir='ltr'><strong>quod</strong></span> <span class='ocrx_word' id='word_1_321' title='bbox 1175 4281 1437 4353; x_wconf 87' lang='lat' dir='ltr'><strong>praefigu-</strong></span> 
     </span>
     <span class='ocr_line' id='line_1_56' title="bbox 253 4352 1436 4427; baseline -0.003 -16"><span class='ocrx_word' id='word_1_322' title='bbox 253 4359 530 4412; x_wconf 87' lang='lat' dir='ltr'><strong>raverant</strong></span> <span class='ocrx_word' id='word_1_323' title='bbox 550 4359 608 4411; x_wconf 90' lang='lat' dir='ltr'><strong>et</strong></span> <span class='ocrx_word' id='word_1_324' title='bbox 634 4355 1138 4427; x_wconf 86' lang='lat' dir='ltr'><strong>prophetaverant,</strong></span> <span class='ocrx_word' id='word_1_325' title='bbox 1166 4352 1436 4424; x_wconf 87' lang='lat' dir='ltr'><strong>adimple-</strong></span> 
     </span>
    </p>
   </div>
   <div class='ocr_carea' id='block_1_3' title="bbox 1493 3921 1500 4216">
    <p class='ocr_par' dir='ltr' id='par_1_4' title="bbox 1493 3921 1500 4216">
     <span class='ocr_line' id='line_1_57' title="bbox 1493 3921 1500 4216; baseline 0 807"><span class='ocrx_word' id='word_1_326' title='bbox 1493 3921 1500 4216; x_wconf 95' lang='lat' dir='ltr'><strong> </strong></span> 
     </span>
    </p>
   </div>
   <div class='ocr_carea' id='block_1_4' title="bbox 1490 4219 1498 4426">
    <p class='ocr_par' dir='ltr' id='par_1_5' title="bbox 1490 4219 1498 4426">
     <span class='ocr_line' id='line_1_58' title="bbox 1490 4219 1498 4426; baseline 0 597"><span class='ocrx_word' id='word_1_327' title='bbox 1490 4219 1498 4426; x_wconf 95' lang='lat' dir='ltr'><strong> </strong></span> 
     </span>
    </p>
   </div>
   <div class='ocr_carea' id='block_1_5' title="bbox 1543 513 2768 4049">
    <p class='ocr_par' dir='ltr' id='par_1_6' title="bbox 1543 513 2725 3422">
     <span class='ocr_line' id='line_1_59' title="bbox 1550 513 2723 585; baseline 0.005 -18"><span class='ocrx_word' id='word_1_328' title='bbox 1550 515 1664 568; x_wconf 85' lang='lat' dir='ltr'><strong>tur.</strong></span> <span class='ocrx_word' id='word_1_329' title='bbox 1701 514 1844 569; x_wconf 86' lang='lat' dir='ltr'><strong>Nam</strong></span> <span class='ocrx_word' id='word_1_330' title='bbox 1884 528 2065 585; x_wconf 85' lang='lat' dir='ltr'><strong>usque</strong></span> <span class='ocrx_word' id='word_1_331' title='bbox 2102 513 2176 571; x_wconf 90' lang='lat' dir='ltr'><strong>ad</strong></span> <span class='ocrx_word' id='word_1_332' title='bbox 2211 517 2495 572; x_wconf 83' lang='lat' dir='ltr'><strong>Joannem</strong></span> <span class='ocrx_word' id='word_1_333' title='bbox 2525 516 2637 579; x_wconf 85' lang='lat' dir='ltr'><strong>Lex</strong></span> <span class='ocrx_word' id='word_1_334' title='bbox 2664 520 2723 573; x_wconf 84' lang='lat' dir='ltr'><strong>et</strong></span> 
     </span>
     <span class='ocr_line' id='line_1_60' title="bbox 1552 583 2722 657; baseline 0.004 -18"><span class='ocrx_word' id='word_1_335' title='bbox 1552 583 1856 656; x_wconf 86' lang='lat' dir='ltr'><strong>Prophetae</strong></span> <span class='ocrx_word' id='word_1_336' title='bbox 1884 585 2140 656; x_wconf 87' lang='lat' dir='ltr'><strong>figurant</strong></span> <span class='ocrx_word' id='word_1_337' title='bbox 2156 590 2213 642; x_wconf 91' lang='lat' dir='ltr'><strong>et</strong></span> <span class='ocrx_word' id='word_1_338' title='bbox 2237 588 2597 657; x_wconf 85' lang='lat' dir='ltr'><strong>promittunt,</strong></span> <span class='ocrx_word' id='word_1_339' title='bbox 2620 587 2722 644; x_wconf 84' lang='lat' dir='ltr'><strong>sed</strong></span> 
     </span>
     <span class='ocr_line' id='line_1_61' title="bbox 1550 655 2721 730; baseline 0.005 -20"><span class='ocrx_word' id='word_1_340' title='bbox 1550 670 1619 710; x_wconf 85' lang='lat' dir='ltr'><strong>ex</strong></span> <span class='ocrx_word' id='word_1_341' title='bbox 1643 659 1778 711; x_wconf 88' lang='lat' dir='ltr'><strong>tunc</strong></span> <span class='ocrx_word' id='word_1_342' title='bbox 1805 655 1866 711; x_wconf 92' lang='lat' dir='ltr'><strong>in</strong></span> <span class='ocrx_word' id='word_1_343' title='bbox 1887 660 2059 712; x_wconf 89' lang='lat' dir='ltr'><strong>antea</strong></span> <span class='ocrx_word' id='word_1_344' title='bbox 2083 656 2328 728; x_wconf 84' lang='lat' dir='ltr'><strong>figurata</strong></span> <span class='ocrx_word' id='word_1_345' title='bbox 2351 661 2407 714; x_wconf 86' lang='lat' dir='ltr'><strong>et</strong></span> <span class='ocrx_word' id='word_1_346' title='bbox 2436 658 2721 730; x_wconf 79' lang='lat' dir='ltr'><strong>promissa</strong></span> 
     </span>
     <span class='ocr_line' id='line_1_62' title="bbox 1551 727 2719 811; baseline 0.004 -30"><span class='ocrx_word' id='word_1_347' title='bbox 1551 728 1862 808; x_wconf 81' lang='lat' dir='ltr'><strong>succedunt</strong></span> <span class='ocrx_word' id='word_1_348' title='bbox 1897 744 1913 809; x_wconf 63' lang='grc' dir='ltr'>ξ</span> <span class='ocrx_word' id='word_1_349' title='bbox 1946 727 2083 799; x_wconf 90' lang='lat' dir='ltr'><strong>quia</strong></span> <span class='ocrx_word' id='word_1_350' title='bbox 2119 728 2177 785; x_wconf 89' lang='lat' dir='ltr'><strong>in</strong></span> <span class='ocrx_word' id='word_1_351' title='bbox 2208 729 2355 811; x_wconf 76' lang='lat' dir='ltr'><strong>Lege</strong></span> <span class='ocrx_word' id='word_1_352' title='bbox 2391 737 2451 787; x_wconf 81' lang='lat' dir='ltr'><strong>et</strong></span> <span class='ocrx_word' id='word_1_353' title='bbox 2481 729 2542 785; x_wconf 89' lang='lat' dir='ltr'><strong>in</strong></span> <span class='ocrx_word' id='word_1_354' title='bbox 2574 731 2719 786; x_wconf 88' lang='lat' dir='ltr'><strong>Pro-</strong></span> 
     </span>
     <span class='ocr_line' id='line_1_63' title="bbox 1550 797 2719 867; baseline 0.006 -15"><span class='ocrx_word' id='word_1_355' title='bbox 1550 797 1742 867; x_wconf 76' lang='lat' dir='ltr'><strong>phetis</strong></span> <span class='ocrx_word' id='word_1_356' title='bbox 1793 804 2005 855; x_wconf 75' lang='lat' dir='ltr'><strong>veritas</strong></span> <span class='ocrx_word' id='word_1_357' title='bbox 2050 799 2122 855; x_wconf 94' lang='lat' dir='ltr'><strong>de</strong></span> <span class='ocrx_word' id='word_1_358' title='bbox 2168 800 2392 856; x_wconf 79' lang='lat' dir='ltr'><strong>Christo</strong></span> <span class='ocrx_word' id='word_1_359' title='bbox 2437 807 2562 857; x_wconf 84' lang='lat' dir='ltr'><strong>erat</strong></span> <span class='ocrx_word' id='word_1_360' title='bbox 2611 801 2719 859; x_wconf 82' lang='lat' dir='ltr'><strong>sub</strong></span> 
     </span>
     <span class='ocr_line' id='line_1_64' title="bbox 1550 868 2719 941; baseline 0.005 -18"><span class='ocrx_word' id='word_1_361' title='bbox 1550 868 1753 939; x_wconf 85' lang='lat' dir='ltr'><strong>figuris</strong></span> <span class='ocrx_word' id='word_1_362' title='bbox 1782 873 1838 924; x_wconf 89' lang='lat' dir='ltr'><strong>et</strong></span> <span class='ocrx_word' id='word_1_363' title='bbox 1864 868 2278 941; x_wconf 56' lang='lat' dir='ltr'><strong>aenigmatibus,</strong></span> <span class='ocrx_word' id='word_1_364' title='bbox 2307 871 2410 928; x_wconf 93' lang='lat' dir='ltr'><strong>sed</strong></span> <span class='ocrx_word' id='word_1_365' title='bbox 2438 887 2474 928; x_wconf 92' lang='lat' dir='ltr'><strong>a</strong></span> <span class='ocrx_word' id='word_1_366' title='bbox 2494 874 2719 929; x_wconf 83' lang='lat' dir='ltr'><strong>Joanne</strong></span> 
     </span>
     <span class='ocr_line' id='line_1_65' title="bbox 1551 939 2719 1014; baseline 0.003 -18"><span class='ocrx_word' id='word_1_367' title='bbox 1551 944 1640 996; x_wconf 91' lang='lat' dir='ltr'><strong>est</strong></span> <span class='ocrx_word' id='word_1_368' title='bbox 1700 939 1998 997; x_wconf 85' lang='lat' dir='ltr'><strong>manifeste</strong></span> <span class='ocrx_word' id='word_1_369' title='bbox 2035 945 2296 1011; x_wconf 88' lang='lat' dir='ltr'><strong>ostensa;</strong></span> <span class='ocrx_word' id='word_1_370' title='bbox 2336 958 2509 1014; x_wconf 86' lang='lat' dir='ltr'><strong>quem</strong></span> <span class='ocrx_word' id='word_1_371' title='bbox 2566 957 2719 1000; x_wconf 87' lang='lat' dir='ltr'><strong>emm</strong></span> 
     </span>
     <span class='ocr_line' id='line_1_66' title="bbox 1552 1012 2717 1085; baseline 0.003 -18"><span class='ocrx_word' id='word_1_372' title='bbox 1552 1012 1664 1067; x_wconf 88' lang='lat' dir='ltr'><strong>Lex</strong></span> <span class='ocrx_word' id='word_1_373' title='bbox 1690 1015 1747 1066; x_wconf 91' lang='lat' dir='ltr'><strong>et</strong></span> <span class='ocrx_word' id='word_1_374' title='bbox 1777 1012 2076 1082; x_wconf 82' lang='lat' dir='ltr'><strong>Prophetae</strong></span> <span class='ocrx_word' id='word_1_375' title='bbox 2103 1017 2402 1070; x_wconf 90' lang='lat' dir='ltr'><strong>venturum</strong></span> <span class='ocrx_word' id='word_1_376' title='bbox 2440 1014 2717 1085; x_wconf 80' lang='lat' dir='ltr'><strong>praedixe·</strong></span> 
     </span>
     <span class='ocr_line' id='line_1_67' title="bbox 1551 1083 2718 1153; baseline 0.004 -17"><span class='ocrx_word' id='word_1_377' title='bbox 1551 1086 1702 1150; x_wconf 90' lang='lat' dir='ltr'><strong>rant,</strong></span> <span class='ocrx_word' id='word_1_378' title='bbox 1738 1083 1992 1138; x_wconf 84' lang='lat' dir='ltr'><strong>Joannes</strong></span> <span class='ocrx_word' id='word_1_379' title='bbox 2037 1084 2263 1140; x_wconf 87' lang='lat' dir='ltr'><strong>venisse</strong></span> <span class='ocrx_word' id='word_1_380' title='bbox 2317 1085 2586 1153; x_wconf 83' lang='lat' dir='ltr'><strong>ostendit,</strong></span> <span class='ocrx_word' id='word_1_381' title='bbox 2631 1084 2718 1141; x_wconf 92' lang='lat' dir='ltr'><strong>di·</strong></span> 
     </span>
     <span class='ocr_line' id='line_1_68' title="bbox 1551 1154 2720 1225; baseline 0.003 -17"><span class='ocrx_word' id='word_1_382' title='bbox 1551 1168 1688 1209; x_wconf 86' lang='lat' dir='ltr'><strong>cens</strong></span> <span class='ocrx_word' id='word_1_383' title='bbox 1719 1169 1734 1208; x_wconf 74' lang='lat' dir='ltr'><strong>t</strong></span> <span class='ocrx_word' id='word_1_384' title='bbox 1774 1156 1909 1209; x_wconf 83' lang='lat' dir='ltr'><strong>Ecce</strong></span> <span class='ocrx_word' id='word_1_385' title='bbox 1951 1154 2148 1222; x_wconf 75' lang='lat' dir='ltr'><strong>Aqnus</strong></span> <span class='ocrx_word' id='word_1_386' title='bbox 2192 1157 2313 1210; x_wconf 83' lang='lat' dir='ltr'><strong>Dei.</strong></span> <span class='ocrx_word' id='word_1_387' title='bbox 2354 1157 2422 1210; x_wconf 90' lang='lat' dir='ltr'><strong>Et</strong></span> <span class='ocrx_word' id='word_1_388' title='bbox 2461 1154 2720 1225; x_wconf 80' lang='lat' dir='ltr'><strong>quamvis</strong></span> 
     </span>
     <span class='ocr_line' id='line_1_69' title="bbox 1552 1225 2720 1297; baseline 0.003 -18"><span class='ocrx_word' id='word_1_389' title='bbox 1552 1229 1682 1295; x_wconf 89' lang='lat' dir='ltr'><strong>post</strong></span> <span class='ocrx_word' id='word_1_390' title='bbox 1722 1225 1999 1280; x_wconf 83' lang='lat' dir='ltr'><strong>Joannem</strong></span> <span class='ocrx_word' id='word_1_391' title='bbox 2037 1225 2268 1281; x_wconf 86' lang='lat' dir='ltr'><strong>fuerunt</strong></span> <span class='ocrx_word' id='word_1_392' title='bbox 2306 1226 2628 1297; x_wconf 67' lang='lat' dir='ltr'><strong>Prophetae,</strong></span> <span class='ocrx_word' id='word_1_393' title='bbox 2659 1230 2720 1283; x_wconf 90' lang='lat' dir='ltr'><strong>ut</strong></span> 
     </span>
     <span class='ocr_line' id='line_1_70' title="bbox 1549 1295 2719 1367; baseline 0.001 -17"><span class='ocrx_word' id='word_1_394' title='bbox 1549 1296 1797 1365; x_wconf 88' lang='lat' dir='ltr'><strong>Agabus,</strong></span> <span class='ocrx_word' id='word_1_395' title='bbox 1855 1300 1911 1351; x_wconf 93' lang='lat' dir='ltr'><strong>et</strong></span> <span class='ocrx_word' id='word_1_396' title='bbox 1969 1299 2212 1366; x_wconf 86' lang='lat' dir='ltr'><strong>quatuor</strong></span> <span class='ocrx_word' id='word_1_397' title='bbox 2262 1295 2398 1352; x_wconf 83' lang='lat' dir='ltr'><strong>filiae</strong></span> <span class='ocrx_word' id='word_1_398' title='bbox 2450 1295 2719 1367; x_wconf 85' lang='lat' dir='ltr'><strong>Philippi,</strong></span> 
     </span>
     <span class='ocr_line' id='line_1_71' title="bbox 1551 1365 2720 1423; baseline 0.001 -2"><span class='ocrx_word' id='word_1_399' title='bbox 1551 1382 1666 1421; x_wconf 90' lang='lat' dir='ltr'><strong>non</strong></span> <span class='ocrx_word' id='word_1_400' title='bbox 1696 1371 1888 1421; x_wconf 89' lang='lat' dir='ltr'><strong>tamen</strong></span> <span class='ocrx_word' id='word_1_401' title='bbox 1926 1366 1999 1421; x_wconf 91' lang='lat' dir='ltr'><strong>de</strong></span> <span class='ocrx_word' id='word_1_402' title='bbox 2028 1365 2250 1422; x_wconf 86' lang='lat' dir='ltr'><strong>Christo</strong></span> <span class='ocrx_word' id='word_1_403' title='bbox 2278 1366 2338 1422; x_wconf 91' lang='lat' dir='ltr'><strong>in</strong></span> <span class='ocrx_word' id='word_1_404' title='bbox 2368 1383 2539 1423; x_wconf 90' lang='lat' dir='ltr'><strong>carne</strong></span> <span class='ocrx_word' id='word_1_405' title='bbox 2581 1382 2720 1422; x_wconf 82' lang='lat' dir='ltr'><strong>ven-</strong></span> 
     </span>
     <span class='ocr_line' id='line_1_72' title="bbox 1549 1436 2721 1508; baseline 0.003 -16"><span class='ocrx_word' id='word_1_406' title='bbox 1549 1441 1677 1492; x_wconf 87' lang='lat' dir='ltr'><strong>turo</strong></span> <span class='ocrx_word' id='word_1_407' title='bbox 1729 1442 1861 1492; x_wconf 88' lang='lat' dir='ltr'><strong>sunt</strong></span> <span class='ocrx_word' id='word_1_408' title='bbox 1898 1436 2209 1504; x_wconf 87' lang='lat' dir='ltr'><strong>vaticinati,</strong></span> <span class='ocrx_word' id='word_1_409' title='bbox 2240 1442 2303 1493; x_wconf 84' lang='lat' dir='ltr'><strong>ut</strong></span> <span class='ocrx_word' id='word_1_410' title='bbox 2331 1438 2721 1508; x_wconf 67' lang='lat' dir='ltr'><strong>praecedentes</strong></span> 
     </span>
     <span class='ocr_line' id='line_1_73' title="bbox 1550 1506 2717 1577; baseline 0.002 -14"><span class='ocrx_word' id='word_1_411' title='bbox 1550 1508 1623 1563; x_wconf 90' lang='lat' dir='ltr'><strong>de</strong></span> <span class='ocrx_word' id='word_1_412' title='bbox 1683 1506 1888 1577; x_wconf 84' lang='lat' dir='ltr'><strong>quibus</strong></span> <span class='ocrx_word' id='word_1_413' title='bbox 1943 1511 2162 1563; x_wconf 88' lang='lat' dir='ltr'><strong>tantum</strong></span> <span class='ocrx_word' id='word_1_414' title='bbox 2215 1512 2303 1565; x_wconf 91' lang='lat' dir='ltr'><strong>est</strong></span> <span class='ocrx_word' id='word_1_415' title='bbox 2355 1509 2447 1564; x_wconf 88' lang='lat' dir='ltr'><strong>hic</strong></span> <span class='ocrx_word' id='word_1_416' title='bbox 2506 1524 2717 1566; x_wconf 84' lang='lat' dir='ltr'><strong>sermo.</strong></span> 
     </span>
     <span class='ocr_line' id='line_1_74' title="bbox 1550 1578 2720 1651; baseline 0.003 -17"><span class='ocrx_word' id='word_1_417' title='bbox 1550 1578 1710 1634; x_wconf 91' lang='lat' dir='ltr'><strong>Unde</strong></span> <span class='ocrx_word' id='word_1_418' title='bbox 1745 1578 1895 1633; x_wconf 82' lang='lat' dir='ltr'><strong>Beda</strong></span> <span class='ocrx_word' id='word_1_419' title='bbox 1926 1597 1944 1633; x_wconf 72' lang='grc' dir='ltr'><strong><em>ε</em></strong></span> <span class='ocrx_word' id='word_1_420' title='bbox 1976 1599 2006 1630; x_wconf 94' lang='lat'>«</span> <span class='ocrx_word' id='word_1_421' title='bbox 2036 1578 2147 1634; x_wconf 83' lang='lat' dir='ltr'><strong>Lex</strong></span> <span class='ocrx_word' id='word_1_422' title='bbox 2187 1582 2245 1634; x_wconf 91' lang='lat' dir='ltr'><strong>et</strong></span> <span class='ocrx_word' id='word_1_423' title='bbox 2287 1581 2587 1651; x_wconf 82' lang='lat' dir='ltr'><strong>Prophetae</strong></span> <span class='ocrx_word' id='word_1_424' title='bbox 2625 1596 2720 1636; x_wconf 82' lang='lat' dir='ltr'><strong>us-</strong></span> 
     </span>
     <span class='ocr_line' id='line_1_75' title="bbox 1550 1649 2724 1722; baseline 0 -16"><span class='ocrx_word' id='word_1_425' title='bbox 1550 1665 1664 1720; x_wconf 91' lang='lat' dir='ltr'><strong>que</strong></span> <span class='ocrx_word' id='word_1_426' title='bbox 1715 1649 1789 1705; x_wconf 89' lang='lat' dir='ltr'><strong>ad</strong></span> <span class='ocrx_word' id='word_1_427' title='bbox 1850 1651 2155 1718; x_wconf 62' lang='lat' dir='ltr'><strong>hannem,</strong></span> <span class='ocrx_word' id='word_1_428' title='bbox 2187 1650 2321 1720; x_wconf 86' lang='lat' dir='ltr'><strong>quia</strong></span> <span class='ocrx_word' id='word_1_429' title='bbox 2377 1667 2491 1706; x_wconf 90' lang='lat' dir='ltr'><strong>non</strong></span> <span class='ocrx_word' id='word_1_430' title='bbox 2537 1651 2724 1722; x_wconf 86' lang='lat' dir='ltr'><strong>potuit</strong></span> 
     </span>
     <span class='ocr_line' id='line_1_76' title="bbox 1550 1720 2719 1793; baseline 0.002 -17"><span class='ocrx_word' id='word_1_431' title='bbox 1550 1720 1704 1776; x_wconf 88' lang='lat' dir='ltr'><strong>ultra</strong></span> <span class='ocrx_word' id='word_1_432' title='bbox 1732 1724 2031 1777; x_wconf 84' lang='lat' dir='ltr'><strong>venturum</strong></span> <span class='ocrx_word' id='word_1_433' title='bbox 2060 1720 2413 1792; x_wconf 89' lang='lat' dir='ltr'><strong>prophetari,</strong></span> <span class='ocrx_word' id='word_1_434' title='bbox 2442 1722 2594 1793; x_wconf 86' lang='lat' dir='ltr'><strong>quod</strong></span> <span class='ocrx_word' id='word_1_435' title='bbox 2622 1724 2719 1778; x_wconf 85' lang='lat' dir='ltr'><strong>Jo-</strong></span> 
     </span>
     <span class='ocr_line' id='line_1_77' title="bbox 1551 1790 2722 1863; baseline 0.002 -16"><span class='ocrx_word' id='word_1_436' title='bbox 1551 1791 1722 1847; x_wconf 90' lang='lat' dir='ltr'><strong>annis</strong></span> <span class='ocrx_word' id='word_1_437' title='bbox 1771 1790 2060 1863; x_wconf 86' lang='lat' dir='ltr'><strong>praeconio</strong></span> <span class='ocrx_word' id='word_1_438' title='bbox 2110 1794 2232 1863; x_wconf 89' lang='lat' dir='ltr'><strong>jam</strong></span> <span class='ocrx_word' id='word_1_439' title='bbox 2281 1793 2504 1850; x_wconf 82' lang='lat' dir='ltr'><strong>venisse</strong></span> <span class='ocrx_word' id='word_1_440' title='bbox 2547 1792 2722 1849; x_wconf 90' lang='lat' dir='ltr'><strong>clare-</strong></span> 
     </span>
     <span class='ocr_line' id='line_1_78' title="bbox 1550 1862 2723 1933; baseline 0.002 -15"><span class='ocrx_word' id='word_1_441' title='bbox 1550 1862 1667 1918; x_wconf 87' lang='lat' dir='ltr'><strong>bat.</strong></span> <span class='ocrx_word' id='word_1_442' title='bbox 1703 1882 1731 1915; x_wconf 78' lang='lat'><strong>»</strong></span> <span class='ocrx_word' id='word_1_443' title='bbox 1781 1864 1938 1920; x_wconf 92' lang='lat' dir='ltr'><strong>Unde</strong></span> <span class='ocrx_word' id='word_1_444' title='bbox 1983 1867 2042 1919; x_wconf 92' lang='lat' dir='ltr'><strong>et</strong></span> <span class='ocrx_word' id='word_1_445' title='bbox 2076 1865 2464 1933; x_wconf 75' lang='lat' dir='ltr'><strong>Anqustinus:</strong></span> <span class='ocrx_word' id='word_1_446' title='bbox 2498 1883 2527 1917; x_wconf 90' lang='lat'>«</span> <span class='ocrx_word' id='word_1_447' title='bbox 2568 1867 2723 1921; x_wconf 91' lang='lat' dir='ltr'><strong>Inter</strong></span> 
     </span>
     <span class='ocr_line' id='line_1_79' title="bbox 1551 1934 2720 2007; baseline 0.003 -18"><span class='ocrx_word' id='word_1_448' title='bbox 1551 1949 1753 1990; x_wconf 92' lang='lat' dir='ltr'><strong>omnes</strong></span> <span class='ocrx_word' id='word_1_449' title='bbox 1790 1934 2011 1991; x_wconf 90' lang='lat' dir='ltr'><strong>divinas</strong></span> <span class='ocrx_word' id='word_1_450' title='bbox 2040 1935 2429 2006; x_wconf 82' lang='lat' dir='ltr'><strong>auctoritates,</strong></span> <span class='ocrx_word' id='word_1_451' title='bbox 2464 1938 2720 2007; x_wconf 85' lang='lat' dir='ltr'><strong>Evange-</strong></span> 
     </span>
     <span class='ocr_line' id='line_1_80' title="bbox 1549 2005 2720 2074; baseline 0.003 -15"><span class='ocrx_word' id='word_1_452' title='bbox 1549 2005 1690 2060; x_wconf 92' lang='lat' dir='ltr'><strong>lium</strong></span> <span class='ocrx_word' id='word_1_453' title='bbox 1716 2005 1920 2061; x_wconf 88' lang='lat' dir='ltr'><strong>merito</strong></span> <span class='ocrx_word' id='word_1_454' title='bbox 1951 2005 2193 2062; x_wconf 85' lang='lat' dir='ltr'><strong>excellit.</strong></span> <span class='ocrx_word' id='word_1_455' title='bbox 2224 2008 2385 2074; x_wconf 89' lang='lat' dir='ltr'><strong>Quod</strong></span> <span class='ocrx_word' id='word_1_456' title='bbox 2426 2007 2580 2063; x_wconf 89' lang='lat' dir='ltr'><strong>enim</strong></span> <span class='ocrx_word' id='word_1_457' title='bbox 2611 2009 2720 2063; x_wconf 86' lang='lat' dir='ltr'><strong>Lex</strong></span> 
     </span>
     <span class='ocr_line' id='line_1_81' title="bbox 1552 2077 2720 2149; baseline 0.003 -19"><span class='ocrx_word' id='word_1_458' title='bbox 1552 2081 1610 2131; x_wconf 89' lang='lat' dir='ltr'><strong>et</strong></span> <span class='ocrx_word' id='word_1_459' title='bbox 1661 2077 1960 2147; x_wconf 73' lang='lat' dir='ltr'><strong>Prophetae</strong></span> <span class='ocrx_word' id='word_1_460' title='bbox 2003 2077 2253 2133; x_wconf 85' lang='lat' dir='ltr'><strong>futurum</strong></span> <span class='ocrx_word' id='word_1_461' title='bbox 2304 2077 2720 2149; x_wconf 66' lang='lat' dir='ltr'><strong>praenuntiave-</strong></span> 
     </span>
     <span class='ocr_line' id='line_1_82' title="bbox 1549 2146 2722 2219; baseline 0 -17"><span class='ocrx_word' id='word_1_462' title='bbox 1549 2151 1708 2215; x_wconf 89' lang='lat' dir='ltr'><strong>runt,</strong></span> <span class='ocrx_word' id='word_1_463' title='bbox 1763 2147 1871 2201; x_wconf 89' lang='lat' dir='ltr'><strong>hoc</strong></span> <span class='ocrx_word' id='word_1_464' title='bbox 1924 2146 2209 2202; x_wconf 91' lang='lat' dir='ltr'><strong>redditum</strong></span> <span class='ocrx_word' id='word_1_465' title='bbox 2259 2153 2430 2219; x_wconf 87' lang='lat' dir='ltr'><strong>atque</strong></span> <span class='ocrx_word' id='word_1_466' title='bbox 2473 2163 2598 2203; x_wconf 88' lang='lat' dir='ltr'><strong>eom</strong></span> <span class='ocrx_word' id='word_1_467' title='bbox 2641 2148 2722 2203; x_wconf 89' lang='lat' dir='ltr'><strong>le-</strong></span> 
     </span>
     <span class='ocr_line' id='line_1_83' title="bbox 1549 2216 2723 2289; baseline 0.001 -17"><span class='ocrx_word' id='word_1_468' title='bbox 1549 2222 1672 2274; x_wconf 91' lang='lat' dir='ltr'><strong>tum</strong></span> <span class='ocrx_word' id='word_1_469' title='bbox 1702 2216 1762 2272; x_wconf 88' lang='lat' dir='ltr'><strong>in</strong></span> <span class='ocrx_word' id='word_1_470' title='bbox 1791 2217 2097 2289; x_wconf 85' lang='lat' dir='ltr'><strong>Evangelio</strong></span> <span class='ocrx_word' id='word_1_471' title='bbox 2128 2218 2568 2275; x_wconf 88' lang='lat' dir='ltr'><strong>demonstratur.</strong></span> <span class='ocrx_word' id='word_1_472' title='bbox 2648 2233 2723 2273; x_wconf 91' lang='lat' dir='ltr'><strong>on</strong></span> 
     </span>
     <span class='ocr_line' id='line_1_84' title="bbox 1549 2291 2722 2371; baseline 0.001 -26"><span class='ocrx_word' id='word_1_473' title='bbox 1549 2291 1921 2345; x_wconf 84' lang='lat' dir='ltr'><strong>observamus</strong></span> <span class='ocrx_word' id='word_1_474' title='bbox 1945 2294 2325 2355; x_wconf 87' lang='lat' dir='ltr'><strong>sacramenta,</strong></span> <span class='ocrx_word' id='word_1_475' title='bbox 2342 2306 2467 2361; x_wconf 86' lang='lat' dir='ltr'><strong>quae</strong></span> <span class='ocrx_word' id='word_1_476' title='bbox 2497 2292 2554 2345; x_wconf 92' lang='lat' dir='ltr'><strong>in</strong></span> <span class='ocrx_word' id='word_1_477' title='bbox 2573 2291 2722 2371; x_wconf 75' lang='lat' dir='ltr'><strong>Lege</strong></span> 
     </span>
     <span class='ocr_line' id='line_1_85' title="bbox 1548 2360 2724 2443; baseline 0.002 -27"><span class='ocrx_word' id='word_1_478' title='bbox 1548 2364 1606 2416; x_wconf 91' lang='lat' dir='ltr'><strong>et</strong></span> <span class='ocrx_word' id='word_1_479' title='bbox 1663 2360 1963 2430; x_wconf 88' lang='lat' dir='ltr'><strong>Prophetis</strong></span> <span class='ocrx_word' id='word_1_480' title='bbox 2015 2365 2303 2443; x_wconf 86' lang='lat' dir='ltr'><strong>praecepta</strong></span> <span class='ocrx_word' id='word_1_481' title='bbox 2359 2367 2525 2431; x_wconf 87' lang='lat' dir='ltr'><strong>sunt,</strong></span> <span class='ocrx_word' id='word_1_482' title='bbox 2588 2377 2724 2433; x_wconf 76' lang='lat' dir='ltr'><strong>quta</strong></span> 
     </span>
     <span class='ocr_line' id='line_1_86' title="bbox 1545 2432 2723 2505; baseline 0.003 -19"><span class='ocrx_word' id='word_1_483' title='bbox 1545 2435 1923 2488; x_wconf 72' lang='lat' dir='ltr'><strong>mutata’sunt</strong></span> <span class='ocrx_word' id='word_1_484' title='bbox 1965 2449 1979 2488; x_wconf 71' lang='grc' dir='ltr'>ε</span> <span class='ocrx_word' id='word_1_485' title='bbox 2011 2432 2392 2504; x_wconf 88' lang='lat' dir='ltr'><strong>1ntelligamus</strong></span> <span class='ocrx_word' id='word_1_486' title='bbox 2425 2450 2560 2505; x_wconf 86' lang='lat' dir='ltr'><strong>ergo</strong></span> <span class='ocrx_word' id='word_1_487' title='bbox 2596 2448 2723 2505; x_wconf 85' lang='lat' dir='ltr'><strong>quae</strong></span> 
     </span>
     <span class='ocr_line' id='line_1_87' title="bbox 1544 2501 2722 2576; baseline 0.003 -19"><span class='ocrx_word' id='word_1_488' title='bbox 1544 2501 1624 2559; x_wconf 91' lang='lat' dir='ltr'><strong>ibi</strong></span> <span class='ocrx_word' id='word_1_489' title='bbox 1669 2503 1941 2574; x_wconf 84' lang='lat' dir='ltr'><strong>praedicta</strong></span> <span class='ocrx_word' id='word_1_490' title='bbox 1975 2509 2128 2574; x_wconf 89' lang='lat' dir='ltr'><strong>sunt,</strong></span> <span class='ocrx_word' id='word_1_491' title='bbox 2169 2510 2225 2561; x_wconf 90' lang='lat' dir='ltr'><strong>et</strong></span> <span class='ocrx_word' id='word_1_492' title='bbox 2261 2509 2557 2563; x_wconf 86' lang='lat' dir='ltr'><strong>teneamus</strong></span> <span class='ocrx_word' id='word_1_493' title='bbox 2594 2521 2722 2576; x_wconf 83' lang='lat' dir='ltr'><strong>quae</strong></span> 
     </span>
     <span class='ocr_line' id='line_1_88' title="bbox 1546 2573 2725 2646; baseline 0.002 -17"><span class='ocrx_word' id='word_1_494' title='bbox 1546 2573 1623 2630; x_wconf 94' lang='lat' dir='ltr'><strong>ibi</strong></span> <span class='ocrx_word' id='word_1_495' title='bbox 1652 2575 1928 2645; x_wconf 81' lang='lat' dir='ltr'><strong>promissa</strong></span> <span class='ocrx_word' id='word_1_496' title='bbox 1949 2581 2102 2632; x_wconf 87' lang='lat' dir='ltr'><strong>sunt.</strong></span> <span class='ocrx_word' id='word_1_497' title='bbox 2131 2596 2160 2627; x_wconf 88' lang='lat'>»</span> <span class='ocrx_word' id='word_1_498' title='bbox 2187 2577 2348 2632; x_wconf 92' lang='lat' dir='ltr'><strong>Unde</strong></span> <span class='ocrx_word' id='word_1_499' title='bbox 2369 2578 2539 2633; x_wconf 86' lang='lat' dir='ltr'><strong>etiam</strong></span> <span class='ocrx_word' id='word_1_500' title='bbox 2559 2579 2725 2646; x_wconf 79' lang='lat' dir='ltr'><strong>Chry-</strong></span> 
     </span>
     <span class='ocr_line' id='line_1_89' title="bbox 1546 2646 2721 2718; baseline 0.003 -18"><span class='ocrx_word' id='word_1_501' title='bbox 1546 2650 1861 2710; x_wconf 70' lang='lat' dir='ltr'><strong>sostomus:</strong></span> <span class='ocrx_word' id='word_1_502' title='bbox 1896 2665 1924 2699; x_wconf 90' lang='lat'>«</span> <span class='ocrx_word' id='word_1_503' title='bbox 1963 2649 2109 2718; x_wconf 84' lang='lat' dir='ltr'><strong>Ergo</strong></span> <span class='ocrx_word' id='word_1_504' title='bbox 2145 2646 2276 2702; x_wconf 90' lang='lat' dir='ltr'><strong>finis</strong></span> <span class='ocrx_word' id='word_1_505' title='bbox 2305 2646 2721 2718; x_wconf 88' lang='lat' dir='ltr'><strong>promissionis,</strong></span> 
     </span>
     <span class='ocr_line' id='line_1_90' title="bbox 1546 2718 2725 2790; baseline 0.003 -19"><span class='ocrx_word' id='word_1_506' title='bbox 1546 2718 1798 2773; x_wconf 88' lang='lat' dir='ltr'><strong>Joannes</strong></span> <span class='ocrx_word' id='word_1_507' title='bbox 1837 2721 1942 2773; x_wconf 89' lang='lat' dir='ltr'><strong>est.</strong></span> <span class='ocrx_word' id='word_1_508' title='bbox 1983 2718 2039 2774; x_wconf 89' lang='lat' dir='ltr'><strong>Si</strong></span> <span class='ocrx_word' id='word_1_509' title='bbox 2080 2723 2272 2774; x_wconf 88' lang='lat' dir='ltr'><strong>autem</strong></span> <span class='ocrx_word' id='word_1_510' title='bbox 2310 2718 2444 2774; x_wconf 88' lang='lat' dir='ltr'><strong>finis</strong></span> <span class='ocrx_word' id='word_1_511' title='bbox 2484 2718 2725 2790; x_wconf 91' lang='lat' dir='ltr'><strong>promis-</strong></span> 
     </span>
     <span class='ocr_line' id='line_1_91' title="bbox 1548 2787 2725 2858; baseline 0.002 -16"><span class='ocrx_word' id='word_1_512' title='bbox 1548 2787 1724 2843; x_wconf 89' lang='lat' dir='ltr'><strong>sionis</strong></span> <span class='ocrx_word' id='word_1_513' title='bbox 1752 2791 2004 2845; x_wconf 87' lang='lat' dir='ltr'><strong>Joannes</strong></span> <span class='ocrx_word' id='word_1_514' title='bbox 2040 2794 2147 2858; x_wconf 89' lang='lat' dir='ltr'><strong>est,</strong></span> <span class='ocrx_word' id='word_1_515' title='bbox 2179 2795 2236 2845; x_wconf 92' lang='lat' dir='ltr'><strong>et</strong></span> <span class='ocrx_word' id='word_1_516' title='bbox 2285 2789 2509 2846; x_wconf 90' lang='lat' dir='ltr'><strong>initium</strong></span> <span class='ocrx_word' id='word_1_517' title='bbox 2548 2789 2725 2846; x_wconf 90' lang='lat' dir='ltr'><strong>beati-</strong></span> 
     </span>
     <span class='ocr_line' id='line_1_92' title="bbox 1544 2858 2724 2929; baseline 0.003 -18"><span class='ocrx_word' id='word_1_518' title='bbox 1544 2858 1758 2913; x_wconf 83' lang='lat' dir='ltr'><strong>tudinis</strong></span> <span class='ocrx_word' id='word_1_519' title='bbox 1773 2858 1893 2928; x_wconf 88' lang='lat' dir='ltr'><strong>ipse</strong></span> <span class='ocrx_word' id='word_1_520' title='bbox 1910 2865 2013 2915; x_wconf 90' lang='lat' dir='ltr'><strong>est.</strong></span> <span class='ocrx_word' id='word_1_521' title='bbox 2032 2863 2414 2929; x_wconf 73' lang='lat' dir='ltr'><strong>Quaecumque</strong></span> <span class='ocrx_word' id='word_1_522' title='bbox 2430 2863 2581 2915; x_wconf 88' lang='lat' dir='ltr'><strong>enim</strong></span> <span class='ocrx_word' id='word_1_523' title='bbox 2600 2875 2724 2928; x_wconf 87' lang='lat' dir='ltr'><strong>pro-</strong></span> 
     </span>
     <span class='ocr_line' id='line_1_93' title="bbox 1545 2927 2725 2998; baseline 0 -15"><span class='ocrx_word' id='word_1_524' title='bbox 1545 2927 1722 2983; x_wconf 89' lang='lat' dir='ltr'><strong>missa</strong></span> <span class='ocrx_word' id='word_1_525' title='bbox 1742 2936 1875 2983; x_wconf 89' lang='lat' dir='ltr'><strong>sunt</strong></span> <span class='ocrx_word' id='word_1_526' title='bbox 1894 2930 2083 2985; x_wconf 90' lang='lat' dir='ltr'><strong>seculo</strong></span> <span class='ocrx_word' id='word_1_527' title='bbox 2111 2930 2226 2994; x_wconf 89' lang='lat' dir='ltr'><strong>isti,</strong></span> <span class='ocrx_word' id='word_1_528' title='bbox 2256 2945 2432 2998; x_wconf 92' lang='lat' dir='ltr'><strong>usque</strong></span> <span class='ocrx_word' id='word_1_529' title='bbox 2458 2931 2530 2984; x_wconf 92' lang='lat' dir='ltr'><strong>ad</strong></span> <span class='ocrx_word' id='word_1_530' title='bbox 2554 2932 2725 2983; x_wconf 84' lang='lat' dir='ltr'><strong>Joan-</strong></span> 
     </span>
     <span class='ocr_line' id='line_1_94' title="bbox 1544 2998 2722 3070; baseline 0.002 -17"><span class='ocrx_word' id='word_1_531' title='bbox 1544 3014 1677 3054; x_wconf 92' lang='lat' dir='ltr'><strong>nem</strong></span> <span class='ocrx_word' id='word_1_532' title='bbox 1702 2999 2010 3068; x_wconf 85' lang='lat' dir='ltr'><strong>Baptistam</strong></span> <span class='ocrx_word' id='word_1_533' title='bbox 2034 2998 2317 3070; x_wconf 89' lang='lat' dir='ltr'><strong>promissa</strong></span> <span class='ocrx_word' id='word_1_534' title='bbox 2340 3003 2490 3053; x_wconf 90' lang='lat' dir='ltr'><strong>sunt.</strong></span> <span class='ocrx_word' id='word_1_535' title='bbox 2522 3001 2597 3052; x_wconf 82' lang='lat' dir='ltr'><strong>Ex</strong></span> <span class='ocrx_word' id='word_1_536' title='bbox 2627 2998 2722 3055; x_wconf 85' lang='lat' dir='ltr'><strong>illo</strong></span> 
     </span>
     <span class='ocr_line' id='line_1_95' title="bbox 1543 3066 2720 3140; baseline 0 -15"><span class='ocrx_word' id='word_1_537' title='bbox 1543 3074 1735 3125; x_wconf 90' lang='lat' dir='ltr'><strong>autem</strong></span> <span class='ocrx_word' id='word_1_538' title='bbox 1771 3070 1892 3139; x_wconf 89' lang='lat' dir='ltr'><strong>jam</strong></span> <span class='ocrx_word' id='word_1_539' title='bbox 1922 3085 2038 3124; x_wconf 91' lang='lat' dir='ltr'><strong>non</strong></span> <span class='ocrx_word' id='word_1_540' title='bbox 2068 3066 2478 3140; x_wconf 88' lang='lat' dir='ltr'><strong>promittuntur</strong></span> <span class='ocrx_word' id='word_1_541' title='bbox 2507 3069 2720 3139; x_wconf 85' lang='lat' dir='ltr'><strong>futura,</strong></span> 
     </span>
     <span class='ocr_line' id='line_1_96' title="bbox 1544 3138 2724 3211; baseline 0 -15"><span class='ocrx_word' id='word_1_542' title='bbox 1544 3141 1646 3196; x_wconf 88' lang='lat' dir='ltr'><strong>sed</strong></span> <span class='ocrx_word' id='word_1_543' title='bbox 1683 3157 1771 3206; x_wconf 90' lang='lat' dir='ltr'><strong>ea,</strong></span> <span class='ocrx_word' id='word_1_544' title='bbox 1820 3157 1946 3211; x_wconf 87' lang='lat' dir='ltr'><strong>quae</strong></span> <span class='ocrx_word' id='word_1_545' title='bbox 1985 3140 2122 3196; x_wconf 87' lang='lat' dir='ltr'><strong>olim</strong></span> <span class='ocrx_word' id='word_1_546' title='bbox 2164 3138 2448 3211; x_wconf 89' lang='lat' dir='ltr'><strong>promissa</strong></span> <span class='ocrx_word' id='word_1_547' title='bbox 2498 3141 2724 3197; x_wconf 81' lang='lat' dir='ltr'><strong>fuerant</strong></span> 
     </span>
     <span class='ocr_line' id='line_1_97' title="bbox 1545 3211 2719 3284; baseline 0.002 -17"><span class='ocrx_word' id='word_1_548' title='bbox 1545 3212 1945 3283; x_wconf 82' lang='lat' dir='ltr'><strong>adimplentur.</strong></span> <span class='ocrx_word' id='word_1_549' title='bbox 1970 3214 2163 3283; x_wconf 90' lang='lat' dir='ltr'><strong>Usque</strong></span> <span class='ocrx_word' id='word_1_550' title='bbox 2190 3211 2262 3267; x_wconf 91' lang='lat' dir='ltr'><strong>ad</strong></span> <span class='ocrx_word' id='word_1_551' title='bbox 2282 3227 2412 3267; x_wconf 90' lang='lat' dir='ltr'><strong>eum</strong></span> <span class='ocrx_word' id='word_1_552' title='bbox 2434 3213 2540 3269; x_wconf 85' lang='lat' dir='ltr'><strong>fuit</strong></span> <span class='ocrx_word' id='word_1_553' title='bbox 2568 3228 2719 3284; x_wconf 80' lang='lat' dir='ltr'><strong>speS,</strong></span> 
     </span>
     <span class='ocr_line' id='line_1_98' title="bbox 1545 3282 2721 3355; baseline 0.004 -17"><span class='ocrx_word' id='word_1_554' title='bbox 1545 3300 1611 3338; x_wconf 86' lang='lat' dir='ltr'><strong>ex</strong></span> <span class='ocrx_word' id='word_1_555' title='bbox 1651 3283 1745 3339; x_wconf 88' lang='lat' dir='ltr'><strong>illo</strong></span> <span class='ocrx_word' id='word_1_556' title='bbox 1776 3288 1966 3339; x_wconf 91' lang='lat' dir='ltr'><strong>autem</strong></span> <span class='ocrx_word' id='word_1_557' title='bbox 2005 3282 2176 3355; x_wconf 87' lang='lat' dir='ltr'><strong>coepit</strong></span> <span class='ocrx_word' id='word_1_558' title='bbox 2205 3299 2330 3340; x_wconf 89' lang='lat' dir='ltr'><strong>esse</strong></span> <span class='ocrx_word' id='word_1_559' title='bbox 2359 3300 2452 3341; x_wconf 89' lang='lat' dir='ltr'><strong>res</strong></span> <span class='ocrx_word' id='word_1_560' title='bbox 2487 3303 2499 3341; x_wconf 94' lang='lat'>:</span> <span class='ocrx_word' id='word_1_561' title='bbox 2535 3305 2563 3335; x_wconf 90' lang='lat'>»</span> <span class='ocrx_word' id='word_1_562' title='bbox 2597 3287 2721 3343; x_wconf 84' lang='lat' dir='ltr'><strong>haec</strong></span> 
     </span>
     <span class='ocr_line' id='line_1_99' title="bbox 1545 3356 1981 3422; baseline 0.002 -11"><span class='ocrx_word' id='word_1_563' title='bbox 1545 3356 1981 3422; x_wconf 75' lang='lat' dir='ltr'><strong>chrysostomus.</strong></span> 
     </span>
    </p>

    <p class='ocr_par' dir='ltr' id='par_1_7' title="bbox 1544 3428 2768 4049">
     <span class='ocr_line' id='line_1_100' title="bbox 1622 3428 2722 3493; baseline 0.005 -11"><span class='ocrx_word' id='word_1_564' title='bbox 1622 3431 1684 3493; x_wconf 77' lang='lat'><strong>14</strong></span> <span class='ocrx_word' id='word_1_565' title='bbox 1710 3428 1942 3483; x_wconf 82' lang='lat' dir='ltr'><strong>JOANNIS</strong></span> <span class='ocrx_word' id='word_1_566' title='bbox 1965 3443 2100 3483; x_wconf 59' lang='lat' dir='ltr'><strong>Laus</strong></span> <span class='ocrx_word' id='word_1_567' title='bbox 2130 3445 2194 3484; x_wconf 79' lang='lat' dir='ltr'><strong>m·</strong></span> <span class='ocrx_word' id='word_1_568' title='bbox 2224 3445 2518 3487; x_wconf 78' lang='lat' dir='ltr'><strong>rnAEcomA.</strong></span> <span class='ocrx_word' id='word_1_569' title='bbox 2548 3461 2614 3472; x_wconf 94' lang='lat'>—</span> <span class='ocrx_word' id='word_1_570' title='bbox 2640 3433 2722 3486; x_wconf 91' lang='lat' dir='ltr'><strong>De</strong></span> 
     </span>
     <span class='ocr_line' id='line_1_101' title="bbox 1546 3500 2720 3578; baseline 0.006 -28"><span class='ocrx_word' id='word_1_571' title='bbox 1546 3500 2043 3578; x_wconf 78' lang='lat' dir='ltr'><strong>commendatione</strong></span> <span class='ocrx_word' id='word_1_572' title='bbox 2096 3500 2271 3558; x_wconf 89' lang='lat' dir='ltr'><strong>etiam</strong></span> <span class='ocrx_word' id='word_1_573' title='bbox 2321 3502 2580 3570; x_wconf 83' lang='lat' dir='ltr'><strong>Joannis,</strong></span> <span class='ocrx_word' id='word_1_574' title='bbox 2639 3501 2720 3557; x_wconf 88' lang='lat' dir='ltr'><strong>sic</strong></span> 
     </span>
     <span class='ocr_line' id='line_1_102' title="bbox 1547 3568 2718 3641; baseline 0.003 -18"><span class='ocrx_word' id='word_1_575' title='bbox 1547 3568 1687 3624; x_wconf 86' lang='lat' dir='ltr'><strong>d1cit</strong></span> <span class='ocrx_word' id='word_1_576' title='bbox 1714 3574 2033 3627; x_wconf 65' lang='lat' dir='ltr'><strong>Bernartius</strong></span> <span class='ocrx_word' id='word_1_577' title='bbox 2072 3591 2089 3626; x_wconf 91' lang='lat'><strong>.·</strong></span> <span class='ocrx_word' id='word_1_578' title='bbox 2131 3592 2158 3625; x_wconf 88' lang='lat'>«</span> <span class='ocrx_word' id='word_1_579' title='bbox 2211 3574 2462 3629; x_wconf 83' lang='lat' dir='ltr'><strong>Joannes</strong></span> <span class='ocrx_word' id='word_1_580' title='bbox 2509 3571 2718 3641; x_wconf 87' lang='lat' dir='ltr'><strong>ubique</strong></span> 
     </span>
     <span class='ocr_line' id='line_1_103' title="bbox 1547 3641 2768 3783; baseline 0 -17"><span class='ocrx_word' id='word_1_581' title='bbox 1547 3641 2142 3783; x_wconf 48' lang='lat' dir='ltr'><strong>ffijssg‘uggffgffigg</strong></span> <span class='ocrx_word' id='word_1_582' title='bbox 2179 3641 2721 3781; x_wconf 52' lang='grc' dir='ltr'><strong>ῧιῖἓέἳῗέιὲὲῖἑὲἑ</strong></span> <span class='ocrx_word' id='word_1_583' title='bbox 2763 3657 2768 3658; x_wconf 5' lang='grc' dir='ltr'><em>ἢ</em></span> 
     </span>
     <span class='ocr_line' id='line_1_104' title="bbox 1546 3780 2723 3852; baseline 0 -16"><span class='ocrx_word' id='word_1_584' title='bbox 1546 3784 1913 3838; x_wconf 87' lang='lat' dir='ltr'><strong>annuntiatus</strong></span> <span class='ocrx_word' id='word_1_585' title='bbox 1957 3784 2082 3838; x_wconf 75' lang='lat' dir='ltr'><strong>est?</strong></span> <span class='ocrx_word' id='word_1_586' title='bbox 2118 3782 2254 3849; x_wconf 87' lang='lat' dir='ltr'><strong>Quis</strong></span> <span class='ocrx_word' id='word_1_587' title='bbox 2287 3782 2368 3837; x_wconf 90' lang='lat' dir='ltr'><strong>sic</strong></span> <span class='ocrx_word' id='word_1_588' title='bbox 2398 3780 2723 3852; x_wconf 87' lang='lat' dir='ltr'><strong>specialiter</strong></span> 
     </span>
     <span class='ocr_line' id='line_1_105' title="bbox 1544 3851 2721 3923; baseline 0.001 -17"><span class='ocrx_word' id='word_1_589' title='bbox 1544 3852 1606 3906; x_wconf 92' lang='lat' dir='ltr'><strong>in</strong></span> <span class='ocrx_word' id='word_1_590' title='bbox 1663 3854 1863 3908; x_wconf 86' lang='lat' dir='ltr'><strong>matris</strong></span> <span class='ocrx_word' id='word_1_591' title='bbox 1920 3859 2107 3919; x_wconf 83' lang='lat' dir='ltr'><strong>utere,</strong></span> <span class='ocrx_word' id='word_1_592' title='bbox 2142 3852 2357 3923; x_wconf 82' lang='lat' dir='ltr'><strong>Spiritu</strong></span> <span class='ocrx_word' id='word_1_593' title='bbox 2397 3853 2610 3907; x_wconf 87' lang='lat' dir='ltr'><strong>Sancto</strong></span> <span class='ocrx_word' id='word_1_594' title='bbox 2644 3851 2721 3908; x_wconf 90' lang='lat' dir='ltr'><strong>le-</strong></span> 
     </span>
     <span class='ocr_line' id='line_1_106' title="bbox 1547 3920 2719 3994; baseline 0 -18"><span class='ocrx_word' id='word_1_595' title='bbox 1547 3921 1699 3991; x_wconf 88' lang='lat' dir='ltr'><strong>gitur</strong></span> <span class='ocrx_word' id='word_1_596' title='bbox 1754 3922 1930 3977; x_wconf 86' lang='lat' dir='ltr'><strong>t&#39;uisse</strong></span> <span class='ocrx_word' id='word_1_597' title='bbox 1980 3921 2276 3992; x_wconf 79' lang='lat' dir='ltr'><strong>repletus?</strong></span> <span class='ocrx_word' id='word_1_598' title='bbox 2316 3923 2493 3987; x_wconf 88' lang='lat' dir='ltr'><strong>Quem</strong></span> <span class='ocrx_word' id='word_1_599' title='bbox 2532 3920 2719 3994; x_wconf 88' lang='lat' dir='ltr'><strong>legisti</strong></span> 
     </span>
     <span class='ocr_line' id='line_1_107' title="bbox 1547 3991 2721 4049; baseline 0.002 -2"><span class='ocrx_word' id='word_1_600' title='bbox 1547 3992 1699 4049; x_wconf 86' lang='lat' dir='ltr'><strong>intra</strong></span> <span class='ocrx_word' id='word_1_601' title='bbox 1738 3992 1937 4048; x_wconf 89' lang='lat' dir='ltr'><strong>matris</strong></span> <span class='ocrx_word' id='word_1_602' title='bbox 1969 3998 2193 4047; x_wconf 91' lang='lat' dir='ltr'><strong>uterum</strong></span> <span class='ocrx_word' id='word_1_603' title='bbox 2237 3991 2589 4049; x_wconf 76' lang='lat' dir='ltr'><strong>exsultasse?</strong></span> <span class='ocrx_word' id='word_1_604' title='bbox 2615 3994 2721 4049; x_wconf 89' lang='lat' dir='ltr'><strong>Cu-</strong></span> 
     </span>
    </p>
   </div>
   <div class='ocr_carea' id='block_1_6' title="bbox 1538 4061 2718 4194">
    <p class='ocr_par' dir='ltr' id='par_1_8' title="bbox 1538 4061 2718 4194">
     <span class='ocr_line' id='line_1_108' title="bbox 1538 4061 2718 4194; baseline -0.003 -71"><span class='ocrx_word' id='word_1_605' title='bbox 1538 4081 1637 4194; x_wconf 51' lang='lat' dir='ltr'><strong>{us</strong></span> <span class='ocrx_word' id='word_1_606' title='bbox 1674 4063 2029 4119; x_wconf 85' lang='lat' dir='ltr'><strong>nativitatem</strong></span> <span class='ocrx_word' id='word_1_607' title='bbox 2057 4061 2247 4117; x_wconf 89' lang='lat' dir='ltr'><strong>vidisti</strong></span> <span class='ocrx_word' id='word_1_608' title='bbox 2285 4062 2597 4119; x_wconf 88' lang='lat' dir='ltr'><strong>Ecclesiam</strong></span> <span class='ocrx_word' id='word_1_609' title='bbox 2628 4079 2718 4120; x_wconf 90' lang='lat' dir='ltr'><strong>ce-</strong></span> 
     </span>
    </p>
   </div>
   <div class='ocr_carea' id='block_1_7' title="bbox 1569 4133 2719 4205">
    <p class='ocr_par' dir='ltr' id='par_1_9' title="bbox 1569 4133 2719 4205">
     <span class='ocr_line' id='line_1_109' title="bbox 1569 4133 2719 4205; baseline -0.002 -11"><span class='ocrx_word' id='word_1_610' title='bbox 1569 4134 1809 4194; x_wconf 75' lang='lat' dir='ltr'><strong>ebrare‘?</strong></span> <span class='ocrx_word' id='word_1_611' title='bbox 1838 4133 1975 4201; x_wconf 88' lang='lat' dir='ltr'><strong>Quis</strong></span> <span class='ocrx_word' id='word_1_612' title='bbox 2004 4133 2084 4188; x_wconf 87' lang='lat' dir='ltr'><strong>sic</strong></span> <span class='ocrx_word' id='word_1_613' title='bbox 2116 4149 2260 4205; x_wconf 90' lang='lat' dir='ltr'><strong>puer</strong></span> <span class='ocrx_word' id='word_1_614' title='bbox 2305 4150 2559 4190; x_wconf 91' lang='lat' dir='ltr'><strong>eremum</strong></span> <span class='ocrx_word' id='word_1_615' title='bbox 2590 4152 2719 4192; x_wconf 90' lang='lat' dir='ltr'><strong>con-</strong></span> 
     </span>
    </p>
   </div>
   <div class='ocr_carea' id='block_1_8' title="bbox 1547 4204 2832 4279">
    <p class='ocr_par' dir='ltr' id='par_1_10' title="bbox 1547 4204 2832 4279">
     <span class='ocr_line' id='line_1_110' title="bbox 1547 4204 2832 4279; baseline -0.002 -15"><span class='ocrx_word' id='word_1_616' title='bbox 1547 4205 1796 4279; x_wconf 80' lang='lat' dir='ltr'><strong>cupivit?</strong></span> <span class='ocrx_word' id='word_1_617' title='bbox 1840 4205 1977 4273; x_wconf 88' lang='lat' dir='ltr'><strong>Quis</strong></span> <span class='ocrx_word' id='word_1_618' title='bbox 2014 4204 2095 4261; x_wconf 88' lang='lat' dir='ltr'><strong>ita</strong></span> <span class='ocrx_word' id='word_1_619' title='bbox 2142 4204 2460 4262; x_wconf 87' lang='lat' dir='ltr'><strong>sublimiter</strong></span> <span class='ocrx_word' id='word_1_620' title='bbox 2511 4206 2719 4279; x_wconf 89' lang='lat' dir='ltr'><strong>legitur</strong></span> <span class='ocrx_word' id='word_1_621' title='bbox 2830 4258 2832 4261; x_wconf 12' lang='grc' dir='ltr'><em>Α</em></span> 
     </span>
    </p>
   </div>
   <div class='ocr_carea' id='block_1_9' title="bbox 1545 4275 2718 4422">
    <p class='ocr_par' dir='ltr' id='par_1_11' title="bbox 1545 4275 2718 4422">
     <span class='ocr_line' id='line_1_111' title="bbox 1548 4275 2718 4349; baseline 0.001 -13"><span class='ocrx_word' id='word_1_622' title='bbox 1548 4278 1970 4336; x_wconf 77' lang='lat' dir='ltr'><strong>conversatus?</strong></span> <span class='ocrx_word' id='word_1_623' title='bbox 2022 4275 2155 4344; x_wconf 87' lang='lat' dir='ltr'><strong>Quis</strong></span> <span class='ocrx_word' id='word_1_624' title='bbox 2209 4276 2604 4349; x_wconf 83' lang='lat' dir='ltr'><strong>poenitentiam</strong></span> <span class='ocrx_word' id='word_1_625' title='bbox 2661 4285 2718 4337; x_wconf 90' lang='lat' dir='ltr'><strong>et</strong></span> 
     </span>
     <span class='ocr_line' id='line_1_112' title="bbox 1545 4348 2717 4422; baseline 0.002 -14"><span class='ocrx_word' id='word_1_626' title='bbox 1545 4364 1790 4422; x_wconf 86' lang='lat' dir='ltr'><strong>regnum</strong></span> <span class='ocrx_word' id='word_1_627' title='bbox 1845 4349 2122 4407; x_wconf 88' lang='lat' dir='ltr'><strong>coelorum</strong></span> <span class='ocrx_word' id='word_1_628' title='bbox 2168 4348 2386 4422; x_wconf 87' lang='lat' dir='ltr'><strong>primus</strong></span> <span class='ocrx_word' id='word_1_629' title='bbox 2423 4352 2717 4410; x_wconf 80' lang='lat' dir='ltr'><strong>ostendit?</strong></span> 
     </span>
    </p>
   </div>
  </div>
 </body>
</html>
