3146 5023
321 395 411 450 180
1028 390 1250 444 PRIMAE
1304 390 1537 445 Ptn'ns
1593 389 1804 443 CAPUT
1859 384 2087 440 LXVIII

319 497 459 569 Quis
483 512 620 570 ergo
657 494 766 551 erit
794 492 1023 566 sapiens
1053 493 1150 566 qui
1199 510 1261 552 se
1305 492 1491 564 fallat,

321 575 379 628 et
408 573 567 626 tanto
598 564 911 623 discrimini
940 565 1306 622 committat?
1356 567 1491 621 Esto

319 640 475 724 quod
506 637 669 696 multi
708 635 901 693 dicant
934 636 1064 706 boc,
1105 641 1160 693 et
1200 634 1361 693 multi
1394 634 1493 693 alii

328 728 391 769 m
423 707 770 769 contrarium
805 724 837 763 o
880 706 1127 775 inentur,
1159 708 1268 765 boc
1307 707 1496 764 solum

320 787 515 840 tamen
542 779 785 837 mortale
811 794 845 834 a
912 779 1252 846 Anqustino,
1293 778 1494 835 docto·

319 869 449 911 rum
500 850 770 918 maximo,
814 847 1126 921 judicatur,
1179 865 1308 906 cum
1366 850 1495 920 quis

323 920 743 980 incertitudinis
786 919 1060 991 periculo,
1095 924 1193 976 aut
1238 918 1497 976 mortalis

321 993 540 1068 peccati
567 989 881 1047 discrimini
930 1006 993 1047 se
1036 989 1360 1047 committit.
1406 990 1498 1048 Sic

322 1070 381 1122 et
425 1062 597 1120 hodie
632 1061 797 1118 multi
851 1060 1101 1133 religiosi
1152 1078 1268 1119 non
1312 1060 1498 1118 solum

328 1134 619 1208 grangias,
657 1133 760 1190 sed
798 1136 854 1189 et
895 1131 1184 1201 ecclesiaS,
1226 1148 1340 1189 non
1378 1132 1501 1190 sine

325 1206 646 1264 animarum
657 1203 910 1276 periculo
929 1202 1037 1261 sibi
1058 1203 1498 1275 incorporando,

324 1276 705 1348 multiplicare
730 1273 954 1331 solliciti
981 1280 1132 1342 sunt,
1155 1279 1501 1346 exponentes

325 1365 389 1407 se
443 1347 659 1405 ericulo
681 1345 989 1403 reddendae
1018 1345 1258 1403 rationis
1278 1345 1349 1402 de
1370 1344 1499 1402 ani-

318 1435 416 1478 ma
457 1435 523 1475 us
551 1418 946 1486 ecclesiarum,
971 1432 1216 1489 quarum
1245 1415 1499 1474 decimas

320 1496 376 1549 et
405 1491 622 1547 fructus
648 1487 993 1561 percipiunt.
1480 1538 1483 1541 ,

396 1585 427 1634 7
474 1562 724 1629 Qumrcu
770 1575 956 1617 uum
1001 1577 1315 1616 :bernerus
1349 1576 1497 1616 nnsi-

324 1650 556 1691 mmrus.
597 1663 651 1673 —
681 1632 949 1699 Quintum
979 1632 1195 1688 malum
1223 1635 1329 1699 est,
1361 1629 1498 1701 quia

324 1703 585 1776 plerique
631 1701 693 1759 in
738 1701 1032 1771 beneflciis
1078 1718 1193 1758 non
1220 1701 1495 1770 resident,

322 1780 381 1833 et
419 1777 631 1832 fructus
679 1789 876 1831 eorum
906 1771 1287 1845 percipientes
1331 1771 1495 1829 debi-

321 1851 447 1903 tum
478 1861 578 1916 pro
629 1843 720 1899 his
753 1844 1009 1901 laborem
1057 1843 1146 1899 vel
1198 1842 1497 1899 servitium

322 1914 579 1973 ecclesiis
606 1930 723 1970 non
748 1913 1105 1986 impendunt.
1148 1913 1412 1970 Gaudent
1441 1918 1497 1971 et

322 2003 386 2044 se
429 1984 809 2059 jactant‚quia
852 1986 1066 2041 habent
1115 1988 1200 2040 tot
1247 1986 1498 2042 florenos

323 2056 433 2115 sibi
466 2061 832 2128 apportatos3
865 2056 967 2113 sed
1012 2055 1254 2112 timeant
1281 2072 1356 2113 ne
1384 2056 1500 2112 sint

323 2129 530 2186 floreni
568 2143 668 2185 eos
720 2127 792 2185 ad
840 2127 1124 2184 infernum
1176 2131 1494 2199 portanteS.

322 2202 559 2259 Frustra
601 2198 755 2256 enim
802 2216 863 2257 se
887 2200 1108 2272 jactant
1153 2199 1366 2256 habere
1394 2199 1497 2256 be-

322 2272 594 2329 neficium
633 2271 721 2328 vel
774 2271 1116 2340 mercedem,
1159 2270 1323 2342 cujus
1381 2286 1497 2325 non

324 2343 594 2400 exhibent
614 2342 1027 2413 operationem.
1056 2341 1166 2398 Sed
1195 2346 1316 2398 esto
1343 2340 1498 2412 quod

322 2413 468 2470 tales
509 2413 759 2468 babeant
791 2411 1298 2483 dispensationem,
1328 2427 1500 2482 super

323 2481 583 2543 absentia
626 2499 728 2540 seu
774 2498 895 2539 non
949 2481 1287 2540 residentia:
1340 2498 1502 2540 num-

321 2554 464 2629 quid
490 2553 1213 2637 dispensationembabere
1229 2559 1500 2637 poterunt

321 2642 498 2700 super
521 2627 847 2698 peccatisfet
861 2628 1029 2684 malls
1051 2627 1497 2697 committendis,

321 2711 449 2772 quae
476 2698 881 2756 inevitabiliter
909 2703 1229 2782 sequuntur
1270 2715 1338 2755 ex
1394 2714 1496 2755 eo-

319 2783 452 2827 rum
480 2769 741 2826 absentia
764 2775 821 2827 et
848 2768 1237 2840 negligentia?
1265 2770 1333 2824 Et
1363 2768 1496 2825 ideo

317 2840 469 2899 bene
501 2838 584 2897 eis
615 2845 785 2913 esset,
820 2840 867 2896 si
906 2840 1188 2898 haberent
1215 2837 1499 2895 vicarium

317 2910 381 2969 in
430 2911 751 2983 tormentis,
819 2911 962 2969 sicut
1035 2910 1358 2969 excusando
1435 2927 1496 2969 se

315 2983 513 3042 dicunt
537 2985 752 3043 habere
780 2982 839 3041 in
863 2982 1179 3042 beneficiis·
1201 2982 1308 3051 Qui
1342 2982 1496 3040 enim

317 3056 576 3114 residere
613 3057 814 3114 nolunt
850 3054 908 3113 in
944 3054 1262 3124 beneficiiS,
1292 3054 1499 3112 timere

321 3126 558 3196 habent,
612 3144 687 3183 ne
747 3128 1114 3185 residentiam
1206 3132 1500 3198 erpetuam

316 3196 528 3253 faciant
556 3196 616 3251 in
644 3198 962 3254 tormentis.
988 3201 1056 3254 Et
1085 3197 1144 3253 in
1213 3213 1278 3252 oc
1315 3195 1500 3267 magis

317 3265 656 3345 delinquunt
691 3268 937 3336 praelati,
961 3272 1017 3323 et
1056 3282 1253 3323 curam
1281 3268 1496 3324 haben-

315 3338 404 3390 tes
437 3349 791 3414 animarum3
833 3337 986 3407 quia,
1029 3354 1097 3394 ex
1128 3336 1358 3396 illorum
1396 3336 1498 3394 ab·

314 3407 520 3467 senna,
575 3418 762 3472 majus
836 3407 1090 3477 sequitur
1197 3407 1497 3463 ericulum.

316 3474 491 3531 Pauci
539 3471 770 3544 quidem
806 3490 873 3530 ex
910 3476 992 3531 eis
1048 3490 1151 3546 pas
1182 3492 1334 3543 ores,
1393 3476 1497 3532 sed

312 3545 485 3605 multi
515 3543 858 3601 mercenarii
901 3550 1055 3613 sunt,
1088 3543 1223 3615 quia
1261 3560 1374 3600 non
1408 3545 1496 3601 lu-

318 3633 478 3675 crum
501 3614 846 3684 animarum,
871 3616 970 3674 sed
1001 3615 1326 3671 mercedem
1356 3620 1498 3672 tem-

313 3688 532 3763 poralis
562 3688 870 3758 commodi,
901 3692 998 3745 aut
1019 3685 1293 3754 lucri,vel
1324 3687 1501 3743 hono·

345 3760 395 3818 is
423 3765 706 3834 quaerunt.
731 3759 863 3818 Istis
890 3761 1039 3819 bene
1060 3756 1326 3828 congruit
1350 3757 1497 3814 illud

311 3778 610 3897 fiet-nardi,
643 3830 739 3890 ubi
756 3831 836 3891 ait
863 3847 882 3889 t
919 3851 941 3885 ι
964 3832 1065 3889 Vn
1091 3828 1220 3898 tibi,
1249 3828 1493 3887 clericel

316 3919 473 3961 mors
528 3904 591 3961 in
649 3903 784 3973 olla,
851 3919 1007 3961 mors
1060 3901 1120 3958 in
1168 3900 1500 3972 hujusmodi

313 3974 558 4032 deliciis
597 3977 841 4033 Peccata
879 3973 1032 4033 enim
1067 3973 1262 4047 populi
1302 3987 1498 4029 come-

317 4044 428 4116 dis,
458 4063 525 4103 ac
550 4045 599 4103 si
630 4048 866 4119 propria
894 4047 1086 4105 minus
1114 4047 1379 4104 sufficere
1408 4044 1494 4100 vi-

317 4115 609 4174 derentur.
638 4120 905 4190 Sumptus
934 4117 1349 4177 ecclesiasticos
1364 4132 1494 4188 gra-

319 4184 395 4242 tis
423 4189 638 4245 habere
664 4193 719 4244 te
748 4195 1016 4261 reputas;
1048 4191 1150 4247 sed
1176 4191 1389 4248 bonum
1422 4185 1496 4244 ti-

315 4255 376 4312 bi
405 4263 528 4314 erat
554 4257 736 4329 magis
764 4261 959 4317 fodere
993 4266 1047 4317 et
1080 4259 1426 4317 mendicare.
1458 4278 1490 4309 »

315 4327 384 4384 Et
409 4325 617 4384 iterum
649 4345 664 4385 ε
694 4350 723 4380 «
759 4331 1039 4404 Indignus
1076 4330 1223 4388 lacte
1255 4334 1313 4387 et
1359 4330 1491 4387 lana

1608 490 1987 561 convincitur,
2035 490 2233 549 sinon
2297 493 2479 577 pascit
2530 511 2689 567 oveS,
2747 498 2798 554 si

1610 581 1729 621 non
1767 562 1965 633 vigilat
1993 561 2054 618 in
2092 564 2351 621 custodia
2386 566 2599 639 gregis
2633 568 2798 625 Judi-

1608 634 1762 692 cium
1793 633 1900 691 sibi
1932 634 2237 691 manducat
2268 641 2323 693 et
2352 638 2618 695 vescitur.
2649 638 2798 707 Quid

1608 705 1715 763 tibi
1762 705 1872 761 insi
1917 703 2039 761 iens
2077 704 2296 764 deliciae
2335 707 2606 780 sapiunt?
2650 710 2798 778 Quid

1610 776 1826 834 divitiae
1865 776 1980 832 ilae
2027 792 2208 858 qaecos
2250 779 2539 836 delectant
2574 781 2795 852 oculoS,

1612 847 1821 919 quibus
1858 863 2096 904 mereris
2133 853 2252 904 tam
2285 866 2461 921 grave
2490 851 2797 923 judicium,

1610 923 1729 974 tam
1746 919 1904 975 duroe
1924 917 2288 1000 temetipsum
2304 921 2526 993 obligas
2546 922 2798 980 rationi?

1612 989 1888 1047 Universa
1915 988 2199 1061 siquidem
2240 1007 2422 1064 usque
2454 995 2526 1050 ad
2555 993 2798 1051 novissi-

1611 1076 1767 1117 mum
1817 1061 2193 1132 quadrantem
2242 1063 2485 1135 exigeris
2531 1082 2544 1120 :
2592 1086 2621 1115 »
2668 1066 2793 1123 haec

1609 1133 1948 1188 Ber-nardus.
1977 1133 2044 1187 Et
2058 1131 2287 1203 iterum,
2310 1150 2482 1207 super
2500 1135 2596 1192 illo
2616 1138 2793 1195 verbo

1614 1203 1775 1259 Oseae
1820 1203 2119 1274 Prophetae
2156 1220 2171 1259 ι
2204 1207 2435 1262 Peccata
2462 1210 2658 1279 populi
2686 1212 2798 1264 mei

1612 1274 1890 1330 comedent
1922 1291 1936 1329 :
1972 1296 2001 1356 5<
2040 1273 2212 1356 Quasi
2244 1276 2418 1346 dicat,
2458 1278 2559 1347 ait,
2599 1294 2795 1351 pecca-

1611 1348 1803 1427 torum
1840 1349 2027 1417 pretia
2060 1352 2312 1417 exigunt,
2345 1354 2402 1405 et
2431 1349 2796 1421 peccantibus

1613 1415 1869 1472 debitam
1916 1415 2357 1476 sollicitudinem
2404 1435 2520 1477 non
2570 1419 2796 1493 impen-

1613 1486 1775 1543 dunt.
1834 1488 2014 1555 Quem
2056 1488 2219 1547 dabis
2266 1489 2405 1547 mihi
2445 1493 2515 1549 de
2555 1507 2796 1550 numero

1611 1573 1732 1630 prae
1775 1558 2073 1629 ositorum‚
2105 1560 2201 1631 qui
2232 1576 2346 1617 non
2379 1562 2506 1634 plus
2539 1562 2801 1635 invigilet

1611 1630 1718 1686 sub
1762 1629 1973 1687 itorum
2047 1632 2394 1689 evacuandis
2470 1634 2800 1717 marsupiis,

1612 1716 1783 1771 quam
1833 1700 1986 1756 vitiis
2043 1700 2184 1756 exsti
2257 1702 2472 1758 andis?
2515 1704 2639 1771 Ubi,
2698 1720 2799 1775 qui

1609 1771 1826 1828 orando
1850 1773 2041 1827 flectat
2058 1770 2201 1827 iram
2250 1772 2374 1841 Ubi,
2408 1774 2500 1843 qui
2520 1773 2796 1844 praedicet

1610 1857 1823 1898 annum
1865 1841 2201 1913 placabilem
2238 1843 2519 1899 Domino?
2550 1842 2794 1901 Leviora

1607 1912 1915 1983 loquimur,
1938 1911 2204 1983 graviora
2231 1913 2457 1985 gravius
2484 1920 2684 1972 manet
2704 1915 2796 1987 ju·

1610 1983 1842 2041 dicium.
1874 1982 2117 2040 Ministri
2181 1985 2373 2041 uidem
2402 1984 2610 2043 Christi
2636 1990 2796 2056 sunt,

1612 2061 1670 2112 et
1704 2054 1961 2112 serviunt
1999 2053 2164 2112 Antic
2207 2057 2367 2114 risto.
2405 2056 2678 2113 Honorati
2714 2056 2800 2114 in·

1613 2127 1822 2183 cedunt
1843 2127 1913 2183 de
1941 2125 2109 2183 bonis
2148 2126 2397 2197 Domini,
2429 2127 2523 2199 qui
2554 2127 2797 2185 Domino

1610 2199 1892 2254 honorem
1937 2213 2050 2253 non
2085 2197 2340 2256 fecerunt
2376 2216 2390 2255 ε
2438 2220 2467 2249 >>
2504 2200 2628 2256 haec
2659 2202 2796 2256 Ber·-

1610 2269 1844 2324 nardus.
1888 2270 2035 2325 Sunt
2070 2273 2263 2326 autem
2299 2270 2530 2341 quidam
2565 2271 2662 2342 qui
2699 2286 2794 2328 ec-

1612 2337 1819 2420 clesiiS,
1858 2337 2152 2420 etnovibus
2188 2339 2309 2397 suis
2346 2340 2595 2413 propriis
2633 2342 2794 2399 dere·

1611 2410 1782 2478 lictis,
1839 2409 1968 2466 alus
2020 2409 2349 2468 deserviunt
2394 2412 2653 2470 ecclesiis
2704 2412 2793 2470 vel

1610 2481 1924 2556 praedicant
1971 2481 2239 2554 populis;
2288 2484 2388 2542 sed
2436 2500 2540 2557 per
2573 2485 2683 2542 hoc
2726 2484 2798 2543 de

1611 2553 1962 2626 negligentia
2026 2555 2417 2625 ecclesiarum,
2482 2560 2539 2612 et
2604 2555 2798 2613 ovium

1613 2642 1854 2683 suarum
1886 2641 2001 2682 non
2035 2633 2373 2685 excusantur
2397 2644 2431 2684 a
2472 2628 2551 2684 ud
2583 2629 2796 2697 Deum3

1618 2697 1755 2768 quia
1781 2697 2024 2754 reddent
2071 2698 2355 2755 rationem
2454 2715 2485 2755 e
2537 2698 2802 2756 omnibus

1615 2783 1800 2839 usque
1855 2768 1930 2824 ad
1976 2767 2352 2827 novissimum
2392 2770 2794 2841 quadrantem.

1613 2839 1878 2910 Allegant
1920 2838 2093 2895 etiam
2131 2842 2473 2912 quandoque
2512 2857 2629 2898 non
2666 2840 2801 2899 resi·

1616 2910 1839 2980 denteS,
1868 2911 2018 2983 quod
2055 2909 2117 2967 in
2148 2911 2407 2970 ecclesiis
2433 2928 2632 2969 eorum
2663 2916 2795 2970 sunt

1615 2982 1861 3040 rebelles
1914 2988 1972 3039 et
2007 2983 2260 3056 tyranni,
2313 2984 2401 3042 vel
2454 2984 2715 3041 infideles
2747 2988 2804 3041 et

1617 3054 2033 3179 huguscemodi.
2056 3057 2118 3110 In
2137 3072 2249 3127 quo
2265 3055 2599 3127 semetipsos
2621 3054 2803 3126 magis

1617 3141 1680 3180 re
1724 3130 1994 3196 arguunt,
2045 3125 2179 3196 quia
2235 3125 2426 3181 vident
2480 3127 2693 3195 lupum,
2747 3130 2803 3182 et

1617 3195 1862 3265 fugiunt,
1909 3210 2036 3251 cum
2079 3199 2272 3250 tamen
2317 3209 2425 3264 pro
2471 3193 2702 3249 illorum
2740 3200 2798 3251 et

1614 3265 1883 3322 Ecclesiae
1927 3264 2168 3320 utilitate
2215 3262 2497 3320 deberent
2525 3266 2661 3317 tunc
2685 3278 2794 3333 po·

1614 3333 1727 3390 tius
1758 3334 2030 3390 residere.
2065 3334 2156 3389 Sic
2208 3339 2267 3390 et
2313 3332 2483 3387 hodie
2513 3331 2677 3387 multi
2733 3331 2796 3389 in

1611 3402 1891 3474 religione
1924 3418 2120 3460 curam
2147 3402 2469 3459 animarum
2492 3404 2796 3476 habentes,

1613 3474 1947 3547 claustrum,
1991 3472 2153 3545 quasi
2191 3490 2509 3543 carcerem,
2552 3473 2800 3547 fugiunt,

1612 3550 1670 3601 et
1696 3559 1823 3600 cum
1854 3547 2028 3602 Satan
2050 3543 2465 3603 circumeundo
2491 3551 2712 3603 terram
2746 3553 2805 3606 et

1612 3617 2064 3688 perambulando
2113 3633 2263 3686 eam,
2297 3616 2465 3688 quasi
2502 3616 2634 3689 vagi
2684 3618 2800 3676 dis-

1613 3692 1871 3757 currunt,
1901 3704 2107 3764 parum
2140 3688 2413 3745 timentes
2455 3690 2633 3760 quod,
2662 3689 2801 3761 liga-

1612 3758 1687 3815 tis
1714 3759 1873 3830 vagis
1897 3775 2097 3816 eorum
2117 3760 2383 3831 pedibus,
2416 3760 2802 3832 projiciantur

1614 3831 1675 3886 in
1699 3833 1968 3888 tenebras
1998 3831 2309 3888 exteriores
2328 3830 2528 3887 ,Primi
2561 3832 2798 3904 quidem

1610 3901 1907 3972 religionis
1958 3907 2172 3974 patreS‚
2230 3904 2399 3960 urbes
2468 3908 2526 3959 et
2583 3903 2797 3974 palatia

1609 3973 2028 4044 relinquenteS,
2081 3974 2448 4041 solitudinem
2495 3976 2792 4047 petebant,

1611 4044 1866 4100 dicentes
1896 4062 2024 4103 cum
2045 4048 2379 4117 Hieronymo
2401 4066 2418 4101 ε
2452 4065 2479 4098 «
2511 4045 2791 4117 Oppidum

1610 4114 1751 4172 mihi
1800 4131 1995 4174 carcer
2029 4121 2135 4187 est,
2174 4124 2232 4175 et
2276 4118 2520 4174 solitudo
2559 4115 2791 4188 paradi-

1612 4203 1728 4243 sus,
1755 4206 1784 4241 1>
1814 4189 1925 4244 Sed
1944 4188 2038 4244 isti
2063 4187 2213 4260 vagi,
2235 4186 2600 4246 solitudinem
2621 4187 2793 4245 dese-

1607 4263 1821 4327 rentem,
1836 4261 2008 4317 urbes
2027 4263 2084 4316 et
2101 4259 2316 4331 palatia
2329 4265 2612 4331 quaerunt,
2627 4256 2790 4331 quasi

1607 4328 1759 4388 intra
1788 4345 1852 4387 se
1880 4330 2134 4389 dicentes
2167 4348 2182 4390 t
2212 4330 2468 4391 Solitudo
2493 4331 2635 4389 mihi
2663 4346 2789 4389 car·
