3146 5023
1098 395 1181 448 DE
1238 395 1532 451 PASTORE
1589 394 1823 448 OVIUM.
2609 394 2698 449 303

241 491 548 576 desc'riptio
586 500 724 561 honi
761 499 1008 572 pastoris
1051 504 1110 555 et
1143 498 1405 581 signum,

242 576 407 633 valde
432 573 749 632 timendum
782 576 867 628 est
894 571 964 627 de
993 576 1276 643 paucitate
1307 573 1408 652 bo-

238 662 447 704 norum
490 649 802 717 pastorum.
846 641 1009 699 Cadit
1041 643 1189 698 enim
1227 642 1412 700 bestia

237 716 502 790 proximi,
533 721 590 773 et
613 715 776 772 multi
808 729 933 770 eam
963 713 1292 783 sublevant3
1322 729 1413 770 ca-

238 789 322 846 dit
359 787 553 845 anima
584 786 745 859 justi,
776 790 833 841 et
870 801 987 843 non
1015 789 1100 841 est
1133 802 1199 841 ex
1228 784 1411 841 omni-

236 861 347 918 bus
391 858 540 917 caris
571 859 692 930 ejus
723 857 818 928 qui
848 872 975 914 eam
1020 856 1253 924 relevet,
1284 872 1412 915 cum

234 936 430 990 tamen
454 929 693 1002 quilibet
722 929 852 1000 plus
880 933 1145 985 teneatur
1174 927 1413 999 diligere

237 1003 495 1061 animam
533 999 797 1073 proximi,
874 1014 1009 1057 uam
1043 1015 1249 1070 corpus
1276 1015 1412 1071 pro·-

235 1074 446 1147 prium.
480 1072 590 1130 Sed
619 1087 830 1153 quomo
874 1087 907 1126 o
955 1086 1057 1142 pro
1097 1086 1166 1126 ea
1211 1086 1415 1141 corpus

237 1161 429 1202 meum
460 1159 695 1217 ponam,
724 1157 823 1212 qut
850 1157 957 1198 nec
986 1155 1110 1197 rem
1130 1145 1418 1213 tempora·-

237 1216 352 1273 lem
390 1216 528 1275 dare
555 1213 705 1283 volo,
735 1216 800 1271 ut
827 1227 954 1270 eam
980 1229 1011 1268 a
1040 1216 1271 1293 peccato
1300 1211 1417 1270 eri·

279 1287 435 1345 iam?
466 1289 533 1342 Et
560 1289 700 1341 nota
733 1283 887 1355 quod
924 1299 1071 1339 mort
1110 1299 1211 1353 pro
1242 1299 1415 1355 grego

239 1303 540 1419 gominico
566 1359 754 1428 potest
784 1370 908 1411 esse
937 1352 1238 1426 tripliciter
1268 1373 1285 1410 ε
1315 1358 1415 1412 aut

240 1446 344 1502 pro
375 1428 499 1499 ipso
518 1428 588 1483 de
609 1428 760 1484 bono
779 1425 837 1482 in
857 1424 1061 1482 melius
1082 1441 1414 1496 promoven·

240 1502 337 1565 do,
369 1505 427 1556 et
456 1500 536 1556 sic
556 1502 644 1555 est
669 1496 1212 1569 supererogationiS‚
1234 1512 1412 1568 quan-

238 1578 361 1629 tum
382 1572 452 1628 ad
484 1586 681 1627 omnes
701 1568 989 1640 praelatos,
1012 1568 1112 1625 sed
1141 1568 1213 1626 ad
1242 1584 1418 1639 opera

240 1640 767 1714 supererogationis
803 1640 991 1720 nullus
1027 1645 1271 1708 tenetur,
1305 1638 1416 1695 nisi

241 1719 375 1771 voto
417 1730 479 1769 se
517 1711 875 1779 astrinxer1t3
916 1715 1016 1768 aut
1049 1726 1152 1782 pro
1185 1710 1307 1782 ipso
1342 1712 1415 1769 ab

240 1785 579 1843 imminente
646 1782 860 1839 ericulo
899 1782 1216 1850 liberando,
1245 1786 1302 1838 et
1333 1782 1413 1838 sic

236 1861 472 1915 tenetur
510 1854 602 1926 qui
631 1854 745 1911 ibet
792 1854 1083 1925 praelatus,
1115 1853 1251 1935 quia
1293 1870 1412 1910 sus-

240 1927 377 1999 cipit
427 1941 619 1984 curam
666 1923 947 1983 Dominici
984 1940 1212 2006 gregis,
1233 1929 1291 1981 et
1342 1925 1415 1982 de

240 2015 413 2057 manu
446 2000 570 2069 ejus
601 1996 926 2067 requiretur
950 2012 1052 2076 san
1095 1998 1284 2064 uinls;
1316 2001 1415 2077 aut

239 2086 342 2143 pro
369 2069 495 2141 ipso
516 2067 574 2124 in
601 2073 854 2129 extremo
881 2070 1064 2124 artlcu
1089 2084 1122 2123 o
1162 2083 1411 2124 necesst-

236 2141 370 2197 tatis
399 2139 703 2206 consithtO,
733 2138 828 2209 qui
858 2155 976 2195 non
1004 2143 1191 2210 potest
1218 2140 1417 2195 evade-

239 2229 302 2269 re
331 2211 775 2278 damnationem,
801 2208 912 2265 nisi
940 2210 1111 2266 homo
1143 2209 1310 2266 morti
1331 2226 1414 2266 se·

150 2326 173 2347 ..
243 2289 360 2340 met
397 2289 661 2354 exponat,
701 2292 758 2337 et
792 2280 873 2337 sic
913 2285 1000 2337 est
1034 2283 1411 2351 necessitatis,

239 2353 378 2411 sicut
405 2354 654 2410 vendere
683 2368 790 2410 sua
816 2356 875 2409 et
903 2352 1040 2408 dare
1064 2352 1413 2424 pauperibus

246 2424 307 2481 in
342 2429 595 2485 extrema
640 2423 982 2481 necessitate
1020 2424 1408 2481 existentibus

244 2497 355 2556 Sed
384 2496 677 2553 sciendum
707 2495 879 2566 quod,
913 2494 958 2550 si
983 2498 1068 2551 est
1090 2494 1412 2567 persecutio

240 2566 548 2695 generalis,
576 2582 703 2638 quae
733 2565 943 2637 populo
966 2564 1256 2648 indicitur,
1277 2573 1413 2623 tunc

281 2639 412 2695 ebet
432 2643 627 2710 pastor
652 2653 714 2693 se
742 2651 1051 2708 opponere,
1079 2642 1134 2693 et
1161 2653 1412 2694 animam

240 2725 402 2766 suam
423 2725 658 2791 ponere,
687 2723 759 2764 ne
788 2711 941 2763 totus
957 2722 1089 2779 grex
1115 2706 1410 2780 disperga-

239 2786 363 2849 tur;
389 2797 439 2839 si
461 2797 597 2837 vero
621 2784 709 2837 est
726 2781 1044 2849 persecutio
1064 2779 1409 2850 personalis,

237 2857 294 2908 et
322 2851 446 2923 ipse
476 2852 631 2908 solus
660 2849 959 2922 quaeritur,
989 2854 1121 2906 tunc
1152 2851 1286 2906 licet
1320 2850 1408 2907 su-

237 2939 373 2996 gere
396 2921 869 2994 persecutionem,
892 2920 1148 2992 exemplo
1174 2920 1407 2991 Christi,

239 2993 336 3066 qui
361 3009 396 3049 a
421 2992 562 3049 facie
584 2991 825 3049 Herodis
842 2991 982 3062 fugit
1009 2990 1067 3046 in
1085 2994 1406 3063 AEgyptum,

239 3070 295 3121 et
325 3063 580 3135 exemplo
626 3062 808 3132 Pauli,
852 3062 948 3135 qui
994 3062 1262 3119 dimissus
1306 3063 1410 3119 suit

242 3152 346 3209 per
374 3151 623 3204 murum,
656 3150 792 3191 oves
820 3148 1067 3204 namque
1099 3133 1321 3190 Pastori
1351 3133 1410 3190 in

245 3207 390 3264 coelo
424 3204 645 3274 sedenti
671 3204 1022 3261 orationibus
1047 3206 1411 3262 commenda-

243 3278 363 3348 bat,
395 3294 456 3334 se
485 3283 675 3333 autem
704 3275 937 3332 utilitati
964 3291 1162 3334 earum
1186 3276 1410 3348 tugien-

245 3349 317 3406 do
347 3351 645 3417 servabat;
687 3348 819 3404 hinc
847 3346 928 3403 ait
982 3348 1257 3404 Dominus
1298 3365 1312 3404 t
1347 3351 1412 3406 Si

252 3437 346 3477 vos
372 3423 647 3492 persecuti
677 3422 891 3488 suerint
932 3421 995 3476 in
1022 3436 1134 3476 una
1162 3422 1406 3490 civitate,

243 3494 428 3559 fuqite
456 3495 517 3548 in
541 3494 733 3548 aliam.
758 3490 1079 3563 Aliquando
1103 3499 1292 3548 autem
1310 3491 1408 3548 de-

244 3562 338 3618 bet
357 3560 576 3634 fugere,
590 3579 698 3620 nec
716 3562 966 3619 animam
990 3578 1151 3620 suam
1170 3579 1406 3635 ponere,

239 3633 338 3689 sed
362 3632 642 3705 patienter
670 3639 995 3704 exspectare
1018 3635 1281 3704 ;quando
1297 3634 1408 3690 sci-

242 3704 380 3762 lieet
405 3708 625 3760 tantum
655 3703 809 3773 lana,
857 3702 918 3759 id
944 3711 1034 3759 est
1070 3705 1409 3777 temporalia

245 3773 624 3846 diripiuntur,
649 3790 764 3830 non
795 3789 1076 3845 personae.

314 3851 346 3902 5
375 3847 490 3903 Cua
515 3862 883 3902 xencnmams
927 3862 1131 3904 usron
1163 3861 1267 3900 mc1
1296 3861 1407 3902 uon

243 3918 474 3976 rorssrl
514 3947 582 3962 --
605 3918 976 3974 Mercenarius
1006 3921 1189 3972 autem
1208 3932 1242 3972 a
1260 3931 1407 3974 mer-

244 3990 383 4048 cede
431 3988 640 4058 dictus,
671 3988 758 4044 vel
788 3986 921 4070 quia
962 3986 1221 4044 mercede
1269 4003 1405 4044 con-

244 4061 445 4118 ductus
472 4065 580 4129 est,
610 4058 699 4115 vel
727 4075 861 4131 quia
885 4059 1206 4116 mercedem
1236 4061 1411 4115 terre-

243 4147 376 4190 nam
414 4137 625 4204 sperat,
672 4136 723 4188 et
762 4133 860 4201 qui
896 4147 1004 4187 non
1042 4136 1139 4200 est,
1181 4129 1409 4212 proprie

239 4208 453 4275 pastor,
476 4206 608 4275 quia
623 4218 737 4258 non
764 4201 1004 4259 attendit
1018 4202 1091 4260 ad
1113 4218 1410 4274 praemium

244 4274 443 4346 glorioe
494 4273 760 4344 coelestis,
798 4274 900 4332 sed
936 4274 1010 4332 ad
1048 4274 1411 4332 commodum

245 4345 332 4406 rei
354 4345 716 4421 temporalis3
741 4343 873 4406 talis
898 4344 1074 4420 enim,
1094 4347 1411 4410 seeundum

1528 499 1873 567 Greqorium,
1921 499 2124 558 merito
2182 517 2390 558 nomen
2452 503 2697 574 pastoris

1524 568 1734 642 perdit,
1748 586 1815 626 eo
1845 572 1995 652 quod
2010 576 2301 628 terrenam
2323 573 2696 633 substantiam

1527 641 1652 713 plus
1670 657 1837 711 quam
1854 658 2008 714 ipsos
2025 659 2159 700 oves
2174 643 2376 715 diligit,
2393 646 2550 714 cujus
2565 645 2695 702 ideo

1525 729 1636 769 non
1669 718 1801 769 sunt
1837 730 1959 770 oves
2005 718 2266 785 propriae,
2321 716 2422 772 sed
2477 720 2696 773 tantum

1527 786 1873 855 usurpative,
1896 785 2048 856 quod
2072 787 2275 857 probat
2294 801 2396 857 per
2412 787 2697 856 effectum,

1530 857 1683 927 quia,
1706 872 1835 912 cum
1855 857 2004 915 videt
2028 858 2219 928 lupum
2239 860 2558 924 venientem,
2586 858 2699 915 sci-

1527 927 1663 983 licet
1683 927 1993 995 diabolum,
2013 932 2076 983 ut
2101 944 2233 985 oves
2248 928 2454 1001 rapiat,
2476 930 2566 986 vel
2582 931 2700 986 hae-

1529 997 1770 1055 reticum
1799 1003 1862 1055 ut
1890 997 2157 1068 decipiat,
2188 1000 2273 1055 vel
2306 1007 2611 1071 tyrannum
2639 1004 2703 1058 ut

1532 1069 1905 1140 corporaliter
1927 1069 2165 1139 affligat,
2197 1068 2409 1127 timens
2434 1072 2705 1129 damnum

1531 1155 1727 1198 rerum
1753 1140 1842 1196 vel
1863 1140 2118 1212 corporis
2137 1140 2449 1211 incurrere,
2467 1144 2703 1201 dimittit

1532 1226 1677 1276 oves,
1716 1210 2022 1284 direptioni
2066 1217 2283 1283 patere,
2313 1219 2366 1270 ee
2402 1217 2573 1282 fuqit,
2601 1220 2700 1271 ta-

1532 1283 1733 1349 cendo,
1774 1298 1891 1339 non
1941 1282 2282 1353 resistend0‚
2336 1288 2393 1341 et
2428 1283 2699 1345 auxilium

1533 1353 1791 1411 debitum
1820 1355 2225 1411 subtrahendo.
2246 1357 2390 1413 Dum
2411 1356 2561 1412 enim
2582 1356 2704 1413 sola

1533 1426 1817 1482 exteriora
1834 1426 2134 1483 commoda
2158 1427 2419 1497 requirit,
2432 1427 2704 1485 interiora

1533 1502 1592 1553 et
1632 1495 1804 1553 etiam
1831 1497 2110 1554 exteriora
2147 1497 2334 1569 gregis
2365 1499 2574 1556 damna
2601 1516 2700 1554 ne·-

1533 1568 1814 1639 gligenter
1840 1570 2075 1640 patitur,
2094 1574 2151 1626 et
2166 1574 2363 1627 contra
2388 1572 2510 1627 haec
2540 1570 2699 1627 nullo

1533 1640 1656 1696 zelo
1677 1639 2024 1709 accenditur,
2047 1640 2318 1712 nulloque
2335 1642 2554 1699 fervore
2569 1642 2704 1698 dile·

1534 1709 1739 1767 ctionis
1788 1710 2080 1767 excitatur.
2111 1715 2483 1769 Mercenarius
2524 1719 2705 1770 autem

1529 1785 1702 1851 sumt,
1721 1784 1856 1852 quia
1878 1788 2244 1839 mercenarius
2277 1790 2376 1854 est,
2394 1785 2576 1841 solum
2607 1801 2701 1841 cu·-

1532 1869 1670 1909 rans
1697 1853 1768 1910 de
1787 1856 2048 1911 mercede
2074 1870 2109 1912 a
2134 1855 2290 1912 lucro
2316 1862 2372 1913 et
2400 1857 2700 1913 commodo

1531 1925 1854 1997 temporali,
1884 1931 1936 1983 et
1962 1942 2071 1982 non
2094 1929 2336 1998 pertinet
2361 1929 2438 1984 ad
2465 1945 2605 1997 eum,
2641 1926 2701 1983 id

1533 2004 1620 2052 est
1659 1996 1733 2053 ad
1774 1998 1901 2069 ejus
1956 2013 2172 2068 curam,
2227 2001 2294 2055 de
2353 2001 2567 2071 ovibus,
2632 2001 2703 2056 de

1532 2082 1777 2139 quarum
1806 2067 2121 2139 perditione
2142 2086 2257 2126 non
2281 2070 2619 2128 sollicitatur
2647 2076 2705 2127 et

1531 2142 1714 2208 curat,
1766 2140 1901 2211 quia
1950 2155 2065 2195 non
2105 2157 2299 2197 amore
2341 2158 2562 2211 earum,
2583 2141 2703 2199 *scd

1531 2226 1637 2282 pro
1667 2226 1771 2267 sua
1813 2211 2076 2267 mercede
2106 2213 2406 2283 temporali
2445 2214 2704 2282 laborat3

1531 2297 1690 2351 nam,
1725 2282 2037 2338 secundum
2064 2284 2461 2353 Auqustinum,
2493 2300 2609 2341 uon
2629 2283 2712 2345 di-

1531 2352 1657 2424 ligit
1707 2352 1769 2409 in
1803 2354 2004 2410 ovibus
2045 2356 2352 2424 Christum,
2394 2357 2494 2413 sed
2531 2358 2618 2413 lac
2646 2361 2706 2412 et

1530 2424 1741 2480 lanam.
1777 2428 1851 2481 Et
1880 2427 2046 2496 lupus
2081 2430 2251 2497 rapit,
2295 2428 2368 2484 ad
2406 2428 2619 2485 malum
2643 2432 2704 2499 et

1529 2495 1843 2568 periculum
1889 2498 2298 2568 pertrahendo,
2333 2504 2384 2556 et
2429 2501 2703 2572 disperqit

1529 2583 1673 2637 oves,
1704 2568 1776 2623 ad
1809 2568 2031 2626 unitate
2060 2569 2314 2625 caritatis
2352 2575 2409 2627 et
2437 2572 2701 2628 Ecclesiae

1529 2638 1870 2709 separandO,
1901 2639 1989 2694 vel
2014 2641 2342 2709 affligendo.
2376 2643 2486 2697 Sed
2515 2644 2700 2699 bonus

1528 2715 1743 2780 pastor,
1774 2709 2047 2766 adversus
2060 2709 2364 2781 praedictos
2387 2711 2547 2783 lupos
2575 2715 2698 2769 ani-

1529 2795 1683 2836 mam
1722 2796 1883 2837 suam
1913 2781 2011 2837 dat
2036 2781 2125 2837 vel
2199 2781 2321 2838 onlt
2350 2798 2364 2839 ε
2401 2783 2534 2855 quia
2565 2783 2704 2840 resi-

1526 2850 1633 2934 stit·
1673 2853 2088 2934 tentationibus
2136 2797 2370 2923 diaboli,
2409 2856 2701 2926 arguendo

1528 2927 1588 2978 et
1618 2923 1965 2994 increpando
1992 2928 2165 2992 v1t1a3
2216 2925 2431 2981 resistit
2462 2925 2700 2982 fallaciis

1527 2993 1951 3061 haereticorum,
1973 2995 2336 3065 praedicando
2368 3012 2505 3054 vera
2525 3014 2538 3065 3
2566 2996 2701 3052 resi-

1527 3066 1624 3120 stit
1650 3064 2144 3136 persecutionibus
2166 3068 2464 3136 malorum,
2480 3069 2698 3124 orando

1526 3143 1585 3191 et
1614 3151 1717 3205 pro
1744 3133 1825 3190 eis
1850 3134 2206 3207 implorando
2234 3137 2463 3196 coeleste
2490 3140 2701 3195 benefl-

1527 3207 1696 3262 cium.
1728 3209 1916 3263 Bonus
1944 3215 2139 3279 pastor
2167 3211 2371 3280 quaerit
2397 3209 2700 3267 utilitatem

1526 3277 1747 3346 ovium;
1777 3277 1877 3334 sed
1898 3279 2082 3336 malus
2104 3285 2300 3351 pastor
2319 3285 2376 3336 et
2395 3298 2700 3339 mercena-

1525 3348 1668 3417 rius,
1687 3351 2048 3407 commodum
2064 3352 2378 3423 proprium.
2395 3352 2593 3411 Bonus
2608 3369 2704 3428 pa·

1525 3427 1647 3478 stor
1679 3419 1875 3501 videns
1910 3421 2103 3503 lupum
2144 3423 2488 3497 venientem,
2520 3424 2578 3482 id
2616 3432 2701 3482 est

1523 3495 1899 3548 tentationem
1927 3493 2287 3567 diabolicam,
2308 3496 2702 3570 deceptionem

1523 3563 1872 3630 haereticam,
1904 3568 1991 3621 vel
2015 3570 2292 3624 saevitiam
2316 3570 2695 3640 tyrannicam,

1523 3637 1760 3707 opponit
1801 3651 1883 3704 se,
1919 3637 2176 3694 subditos
2204 3643 2402 3695 contra
2434 3640 2586 3696 hunc
2616 3640 2696 3693 lu-

1522 3719 1658 3778 pum
1689 3705 1971 3778 triplicem
1989 3713 2180 3765 tuetur
2200 3715 2257 3766 et
2277 3709 2530 3766 defendit
2552 3727 2566 3778 3
2594 3708 2695 3766 sed

1522 3776 1705 3832 malus
1752 3783 1950 3847 pastor
1982 3778 2129 3849 fugit
2165 3785 2223 3835 et
2259 3779 2496 3835 dimittit
2541 3796 2696 3849 oves,

1520 3862 1628 3902 nec
1656 3845 1997 3903 adversariis
2044 3850 2275 3905 resistit.
2314 3851 2472 3907 Unde
2503 3849 2562 3906 in
2590 3853 2697 3907 Za-

1522 3917 1718 3974 charia
1749 3934 1763 3973 :
1801 3918 1845 3974 0
1889 3924 2104 3989 pastor,
2138 3925 2189 3975 et
2217 3921 2428 3977 idolum
2459 3923 2693 3978 derelin-

1524 4004 1696 4058 quens
1717 4005 1934 4057 qreqem
1957 3993 1978 4045 !
2000 3991 2170 4057 Quasi
2201 3991 2415 4047 diceret
2442 4010 2455 4048 :
2485 3995 2609 4049 Non
2638 4009 2701 4049 es

1524 4063 1738 4131 pastor,
1770 4061 1870 4116 sed
1917 4061 2349 4118 similitudinem
2394 4068 2450 4120 et
2488 4063 2702 4121 idolum

1524 4129 1678 4202 geris
1698 4131 1939 4202 pastoris
1962 4149 1976 4200 3
1995 4133 2179 4190 bonus
2200 4139 2392 4205 pastor
2412 4152 2525 4192 non
2551 4152 2701 4207 quae-

1524 4218 1658 4259 rens
1713 4218 1840 4274 quae
1893 4219 1996 4261 sua
2035 4210 2188 4274 sunt,
2244 4206 2346 4262 sed
2392 4223 2519 4278 quae
2560 4210 2698 4264 Jesu

1525 4273 1753 4346 Christi,
1784 4291 1955 4346 supra
1983 4291 2215 4348 gregem
2255 4293 2421 4335 suum
2450 4278 2690 4336 sollicite

1522 4344 1742 4419 vigilat,
1762 4349 2019 4420 cogitans
2045 4348 2299 4420 quotidie
2323 4365 2399 4422 qu
2410 4368 2494 4409 im
2513 4349 2683 4412 ratio-
