3146 5023
123 1630 172 1649 ’ὓ-

685 409 770 464 nii
823 400 1581 470 nsFiicT‘ioNii·0111noiJc
1635 386 1928 462 uiiiiu'u
1984 405 2317 460 nominum.

2646 396 2737 458 169

267 535 374 591 quc
413 522 604 575 autem
645 515 827 596 millia
863 515 1107 569 virorum
1145 513 1448 595 Dominum
1557 529 1629 569 ne
1657 513 1850 569 oculos
1879 512 2133 569 sublevet
2159 510 2233 566 ad
2260 511 2440 566 Deum
2471 524 2486 564 t
2516 505 2738 583 primo,

266 589 649 674 sequentium,
669 588 1042 656 designantur
1060 588 1226 640 activi
1247 598 1447 639 omnes
1553 584 1783 656 quando
1812 581 1985 639 nimis
2023 585 2333 652 occupatur
2364 580 2513 636 circa
2543 577 2731 635 sensi-

269 677 518 733 quinque
556 657 819 715 sensibus
858 653 1222 712 interioribus
1259 658 1316 710 et
1351 670 1445 711 ex·

266 732 591 795 terioribus,
653 744 757 786 uos
782 725 1097 800 possident,
1117 726 1261 782 bene
1288 729 1448 782 uten-

259 807 383 873 tes;
408 819 512 875 per
538 817 637 857 mu
662 799 809 856 ieres
832 814 967 856 vero
994 801 1051 864 et
1074 796 1342 869 parvulos
1365 795 1443 853 si·

263 874 609 957 gnificantur
662 869 875 927 infirmi
929 869 1182 926 nondum
1233 883 1440 940 pugnae

263 944 478 1014 idonei,
516 943 610 1014 qui
649 957 891 1010 numero
926 943 1060 996 sunt
1095 937 1332 1010 indigni.
1373 938 1442 996 Hi

259 1033 397 1089 ergo
427 1012 683 1087 praedicti
721 1016 874 1069 recte
912 1010 1161 1083 quinque
1194 1008 1441 1081 panibus

262 1089 512 1155 aluntur,
545 1085 680 1157 quia
718 1083 859 1140 tales
895 1097 1128 1139 necesse
1168 1086 1253 1137 est
1282 1081 1437 1152 lega-

258 1158 411 1215 libus
448 1158 634 1214 adhuc
666 1153 966 1228 praeceptis
1007 1151 1257 1220 institui;
1303 1168 1436 1209 nam

259 1228 357 1301 qui
392 1228 603 1286 mundo
645 1228 717 1284 ad
758 1226 1047 1297 integrum
1087 1222 1435 1289 renuntiant,

262 1307 507 1371 quatuor
537 1306 670 1355 sunt
709 1296 906 1365 millia,
943 1301 1000 1353 et
1029 1301 1247 1367 septem
1278 1293 1436 1365 pani-

261 1372 371 1443 bus
408 1369 605 1427 refecti
636 1389 653 1425 ε
685 1370 794 1426 hoc
828 1372 910 1424 est
941 1366 1279 1449 Evangelica
1305 1381 1435 1438 per-

260 1440 508 1503 fectione
553 1441 847 1509 sublimes,
890 1444 948 1495 et
983 1436 1264 1520 spirituali
1301 1441 1436 1497 sunt

243 1512 447 1584 ,gratia
476 1513 647 1568 docti.
683 1511 820 1568 Cum
850 1526 984 1581 ergo
1013 1526 1072 1566 in
1098 1510 1208 1565 hoc
1242 1507 1433 1565 convi-

256 1582 352 1640 vio
392 1581 621 1639 Domini
670 1581 1063 1639 tantummodo
1104 1582 1218 1635 viri
1260 1579 1434 1636 fuisse

189 1662 212 1691 ⁴
256 1654 546 1722 dicuntur,
599 1652 833 1726 mystice
890 1667 1186 1708 monemur
1239 1656 1320 1719 ut,
1362 1649 1431 1720 si,

151 1756 160 1803 ;
257 1741 428 1797 quam
458 1724 646 1782 suavis
670 1724 744 1780 sit
772 1722 1064 1793 Dominus,
1089 1726 1316 1794 gustare
1340 1722 1437 1778 de-

259 1792 597 1866 sideramus,
639 1798 772 1865 viri,
815 1794 872 1851 id
905 1799 991 1851 est
1025 1795 1202 1850 fortes
1235 1797 1436 1850 contra

257 1867 598 1925 tentationes
626 1869 831 1935 simus;
862 1865 951 1922 vir
977 1864 1128 1922 enim
1159 1881 1194 1921 a
1220 1864 1435 1920 viribus

255 1937 481 2008 dicitur,
510 1944 567 1995 et
593 1938 846 1995 virorum
876 1937 1107 1993 nomine
1135 1935 1262 1992 illos
1292 1934 1437 1992 Scri-

163 2044 174 2053 ·
254 2013 423 2081 ptura
455 2016 649 2067 sancta
673 2008 992 2081 designare
1005 2008 1316 2074 consuevit,
1338 2004 1434 2077 qui

257 2079 496 2137 viriliter
509 2084 861 2137 tentamenta
875 2079 1152 2135 vicerunt.
1173 2076 1277 2145 Qui
1296 2092 1433 2147 ergo

259 2164 480 2206 coenam
534 2151 755 2207 Domini
808 2151 1177 2217 manducant,
1227 2147 1433 2203 virtute

207 2274 220 2281 .
257 2221 465 2281 mentis
494 2227 551 2279 et
578 2238 751 2279 sensu
777 2225 889 2278 viri
914 2237 1040 2285 esse
1062 2220 1294 2288 debent,
1317 2234 1433 2274 non

253 2291 320 2349 in
345 2293 814 2366 concupiscentiis
834 2291 1071 2350 emolliti
1102 2291 1245 2348 sicut
1274 2289 1432 2346 semi-

79 2368 98 2389 ·
181 2414 194 2425 .
252 2379 362 2433 nae,
397 2381 502 2421 nec
535 2364 810 2437 puerilem
858 2379 1084 2421 sensum
1128 2363 1430 2429 habentes,

121 2470 142 2491 .
253 2433 400 2518 sicut
422 2435 602 2508 pueri.
635 2439 743 2492 Per
772 2435 1111 2492 discubitum
1140 2439 1353 2501 autem,
1375 2436 1432 2488 et

151 2502 178 2522 ⁸*
255 2522 569 2563 sessionem
599 2505 874 2589 corporis,
908 2504 1243 2587 intelligitur
1269 2503 1431 2576 quies

131 2635 148 2652 ,
256 2577 494 2646 mentis3
528 2577 625 2659 qui
665 2593 817 2633 enim
847 2594 881 2633 a
909 2580 1024 2633 Deo
1062 2575 1433 2649 spiritualiter

253 2649 411 2731 pasci
441 2649 749 2717 desiderat,
780 2652 1002 2720 oportet
1031 2648 1181 2719 quod
1213 2648 1428 2716 sedeat,

201 2759 210 2766 ·
253 2720 313 2776 id
342 2726 428 2777 est
469 2736 504 2777 a
533 2720 683 2777 curis
715 2718 1036 2792 superfluis,
1068 2723 1125 2775 et
1155 2717 1430 2775 turbatio-

254 2788 420 2849 nibus
460 2791 841 2864 conquiescat.
881 2791 1202 2848 Secundum
1228 2790 1432 2846 Bedam

254 2876 502 2933 quoque,
551 2879 716 2934 super
760 2865 964 2931 foenum
1010 2862 1433 2919 discumbentes

263 2932 571 2989 Dominicis
624 2938 935 3005 pascuntur
985 2932 1288 3000 alimentiS,
1339 2930 1436 3011 qui

81 3057 100 3068 ,,
205 3053 214 3060 .
263 3019 370 3076 pei·
426 3003 832 3060 continentiam
886 3004 1115 3061 calcatis
1170 3017 1348 3059 concu
1388 3017 1435 3055 i-

265 3072 513 3156 scentiiS,
552 3074 846 3131 audiendis
882 3073 1299 3148 implendisque
1386 3072 1437 3127 ei

261 3145 474 3215 verbis,
505 3162 735 3218 operam
791 3146 866 3202 im
909 3147 1145 3205 endunt.
1198 3148 1438 3203 Foenum

263 3215 420 3274 enim
441 3233 671 3274 carnem
700 3217 847 3290 signi
894 3223 1005 3287 cat,
1036 3218 1346 3274 secundum
1376 3212 1446 3270 il-

261 3287 359 3345 lud
392 3304 406 3343 ε
443 3289 630 3345 Omnis
656 3305 781 3346 caro
798 3292 1039 3357 foenum3
1059 3305 1165 3346 nec
1187 3289 1258 3348 'ad
1282 3305 1443 3346 men-

262 3375 384 3415 sam
405 3361 503 3416 Dei
535 3360 705 3432 digne
724 3361 924 3417 sedere
945 3358 1177 3433 poterit,
1198 3360 1293 3432 qui
1320 3369 1442 3418 car-

262 3446 395 3513 nem
424 3447 527 3503 per
552 3435 885 3489 servitutem
915 3447 942 3487 s
982 3430 1137 3487 iritui
1168 3447 1282 3488 non
1312 3433 1440 3489 sub-

253 3506 397 3583 J¹⁰.¹t:
432 3501 536 3570 Qui
565 3519 702 3575 ergo
724 3502 846 3559 vult
874 3518 936 3559 re
958 3501 1034 3559 ici
1065 3518 1211 3574 pane
1239 3503 1437 3574 gratiae

260 3573 591 3644 spiritualis,
650 3589 964 3644 congruum
1011 3578 1098 3630 est
1137 3578 1201 3631 ut
1241 3575 1440 3631 sedeat

262 3658 436 3724 super
457 3644 694 3712 foenum,
715 3643 773 3699 id
795 3648 956 3701 estut
970 3644 1300 3702 dominetur
1318 3661 1439 3702 cor·

303 3729 389 3769 ori
419 3728 546 3783 sue,
575 3719 633 3770 et
665 3715 967 3772 mortificet
994 3732 1223 3773 carnem
1252 3732 1436 3774 suam.

362 3790 525 3865 yator
564 3790 754 3843 autem
788 3802 906 3843 non
942 3803 1091 3845 nova
1118 3787 1329 3844 creavit
1358 3789 1437 3843 ci·

260 3855 446 3937 baria,
461 3857 564 3938 sed
583 3859 960 3929 praesentibus
982 3859 1287 3926 benedi-‘cia
1307 3860 1440 3930 quia

262 3942 498 3983 veniens
525 3944 585 3983 in
609 3945 803 3998 carne,
825 3945 942 3986 non
971 3929 1085 3987 alia
1111 3945 1282 4003 quam
1311 3945 1438 4001 quae

260 3997 379 4080 Lex.
400 4004 456 4054 et
493 3999 788 4072 Prophetae
819 4000 1200 4072 praedixerant
1230 3998 1435 4073 praedi·

260 4074 428 4138 cavit,
463 4075 520 4125 et
548 4086 618 4128 ea
648 4071 934 4143 mysteriis
975 4071 1175 4145 gratiae
1203 4070 1436 4144 gravida

257 4138 686 4220 demonstravit.
732 4142 965 4215 Aspexit
1010 4145 1066 4201 in
1111 4144 1338 4211 coelum,
1377 4146 1440 4198 ut

255 4209 392 4268 illuc
438 4209 794 4294 dirigendam
850 4213 1060 4272 mentis
1107 4215 1309 4283 aciem,
1360 4211 1440 4269 ibi

255 4280 442 4339 lucem
485 4288 740 4341 scientiae
770 4285 975 4343 doceat
1014 4301 1140 4344 esse
1171 4299 1434 4357 quaeren-

256 4350 412 4411 dam.
459 4354 573 4412 Sed
613 4354 915 4429 tripliciter
961 4355 1269 4432 impeditur
1311 4352 1438 4428 quis

1551 654 1709 723 bilia,
1730 654 1789 710 id
1813 659 1900 710 est
1911 658 2168 709 terrenas
2187 649 2432 718 divitias,
2446 648 2578 733 quia
2591 653 2728 706 tunc

1554 725 1751 783 oculus
1779 725 2024 781 foedatur
2054 722 2288 794 pulvere
2317 718 2596 788 avaritiae3
2633 735 2724 776 se·

1550 798 1757 866 cundo,
1801 795 2027 878 quando
2062 795 2369 863 occupatur
2397 789 2545 847 circa
2572 790 2739 846 dele·-

1549 868 1798 943 ctabilia,
1815 868 1875 924 id
1895 871 1982 924 est
2007 863 2156 921 circa
2185 860 2444 919 carnales
2473 859 2725 928 deliciaS,

1550 938 1684 1011 quia
1710 945 1846 996 tunc
1873 937 2068 995 oculus
2096 938 2411 992 excaecatur
2437 931 2570 1003 igne
2598 946 2730 987 con-

1548 1008 1944 1083 cupiscentiae3
1989 1006 2181 1089 tertio,
2221 1003 2445 1086 quando
2485 1017 2620 1058 occu
2662 1016 2728 1083 a·

1547 1090 1641 1139 tur
1664 1081 1818 1139 circa
1846 1077 2130 1148 sublimia,
2161 1077 2219 1134 id
2248 1081 2334 1132 est
2361 1090 2511 1131 circa
2538 1088 2629 1129 am
2672 1088 2721 1128 ι-

1546 1152 1731 1210 tiones
1782 1151 2125 1218 mundanas;
2172 1146 2306 1219 quia
2353 1151 2486 1202 tunc
2525 1143 2720 1200 oculus

1546 1225 1885 1281 obscuratur
1898 1222 2051 1278 l'dmo
2067 1217 2366 1292 superbiai.
2390 1218 2574 1284 Freqit
2588 1230 2721 1284 quo-

1545 1311 1676 1367 que,
1701 1299 1757 1351 et
1785 1299 1917 1351 ante
1940 1293 2134 1349 turbas
2160 1288 2454 1363 ponendos
2482 1287 2727 1355 discipu-

1545 1369 1617 1422 lis
1632 1382 1813 1438 panes
1827 1365 2002 1433 dedit,
2015 1361 2149 1434 quia
2158 1362 2350 1417 clausa
2359 1359 2719 1436 sacramenta

1545 1437 1731 1510 Legis,
1768 1443 1824 1493 et
1852 1434 2188 1508 prophetiae‚
2225 1429 2434 1490 sanctis
2471 1429 2721 1485 doctori·

1546 1511 1672 1578 bus,
1693 1507 1787 1579 qui
1817 1508 1942 1573 haec
1962 1510 2080 1562 toto
2106 1505 2243 1561 orbe
2266 1499 2596 1574 praedicent,
2622 1512 2719 1569 pa-

1543 1580 1754 1637 tefecit.
1785 1578 1945 1647 Quod
1975 1581 2165 1634 autem
2192 1571 2373 1631 turbis
2402 1572 2716 1642 supererat,

1544 1668 1581 1708 a
1608 1649 1901 1723 discipulis
1931 1647 2119 1718 colligi
2145 1644 2343 1713 voluit,
2374 1642 2506 1715 quia
2538 1654 2722 1696 secre-

1543 1722 1692 1779 tiora
1729 1719 2137 1791 intelligentiae,
2172 1721 2230 1773 et
2257 1714 2565 1771 sacratiora
2591 1725 2715 1781 my-

1543 1793 1739 1862 steria,
1771 1808 1897 1863 quae
1925 1807 1959 1847 a
1993 1788 2228 1846 rudibus
2257 1786 2379 1867 capi
2406 1784 2695 1909 nequeunt

1544 1881 1661 1922 non
1702 1867 1832 1920 sunt
1859 1860 2215 1932 negligenter
2242 1860 2478 1913 omitten
2521 1870 2580 1920 a3
2612 1820 2716 1907 sed

1543 1952 1579 1993 a
1603 1933 1893 2007 discipulis
1916 1930 2161 1999 Domini,
2196 1933 2253 1986 et
2281 1940 2477 1983 eorum
2506 1936 2722 2004 succes·

1543 2006 1766 2064 soribus
1793 2004 2097 2076 diligenter
2127 2001 2188 2056 in
2232 1997 2489 2065 uirenda,
2521 1998 2578 2049 et
2604 1992 2719 2074 illis

1542 2077 1640 2150 qui
1668 2075 1861 2135 idonei
1890 2079 2024 2132 sunt
2041 2071 2184 2130 alios
2247 2085 2434 2137 ocere,
2463 2068 2719 2146 commit·

1540 2150 1738 2207 tenda.
1776 2149 1917 2204 Nam
1949 2161 2052 2218 per
2084 2141 2355 2215 cophinos
2394 2137 2712 2216 duodecim,

1539 2218 1795 2294 Apostoli
1842 2222 1899 2274 et
1936 2218 2236 2287 sequentes
2274 2205 2711 2291 viri-apostolici

1539 2299 1596 2349 et
1638 2293 1899 2348 doctores
1935 2288 2271 2359 figurantur,
2303 2282 2441 2337 foris
2482 2277 2711 2350 quidem

1465 2368 1470 2373 '
1537 2362 1868 2421 hominibus
1896 2356 2169 2431 despecti,
2207 2354 2308 2411 sed
2337 2351 2487 2408 intus
2516 2349 2711 2406 Salva-

1537 2435 1681 2493 toris
1703 2434 1812 2492 cibi
1842 2429 2097 2503 reliquiis
2127 2423 2415 2485 cumulati.
2444 2415 2712 2493 Cophinis

1540 2506 1694 2565 enim
1748 2504 1975 2586 servilia
2022 2506 2080 2559 et
2131 2499 2417 2583 rusticana
2470 2494 2715 2563 aguntur

1540 2582 1814 2718 stitit
1828 2569 2718 2713 itfisszssdssmmsrga:

1541 2729 1657 2779 tem
1715 2718 2011 2791 cophinus,
2070 2711 2381 2770 secundum
2422 2706 2718 2787 Isidorum,

1543 2809 1642 2849 vas
1684 2809 1752 2849 ex
1779 2787 2037 2861 virgultis
2075 2785 2399 2862 factum,net
2430 2777 2501 2834 de
2533 2788 2720 2848 juncis

1543 2864 1634 2920 vel
1660 2862 1985 2928 viminibus,
2007 2861 2105 2914 aut
2131 2856 2201 2912 de
2227 2853 2376 2909 soliis
2400 2849 2718 2920 palmarum

1546 2939 1892 2999 contextum,
1913 2936 2107 3003 aptum
2127 2925 2200 2981 ad
2222 2919 2560 2995 portandum
2584 2929 2721 2985 pur·

1587 3008 1833 3072 amenta,
1867 3005 1922 3057 et
1958 3000 2032 3055 ad
2062 2994 2290 3053 servilia
2326 3003 2519 3071 opera.
2565 2983 2725 3040 Unde

1547 3094 1608 3134 in
1638 3075 1863 3132 Psalmo
1893 3072 1963 3127 de
1988 3066 2203 3137 ‚Ioseph
2235 3062 2442 3139 dicitur
2476 3074 2491 3113 ε
2520 3058 2724 3113 Manus·

1548 3150 1669 3219 ejus
1686 3150 1746 3202 in
1764 3145 1993 3216 cophino
2012 3138 2334 3198 servierunt.
2358 3131 2511 3187 Sicut
2530 3132 2722 3183 autem

1547 3217 1715 3293 pauci
1746 3230 1922 3289 panes
1953 3217 2007 3270 et
2034 3209 2218 3284 pisces
2244 3200 2489 3284 fractijn
2515 3197 2720 3278 multas

1548 3290 1822 3362 reliquias
1850 3284 2241 3348 excreverunt;
2275 3277 2355 3334 sic
2378 3275 2536 3355 cibus
2564 3268 2724 3325 verbi

1550 3361 1674 3433 Dei,
1705 3352 2124 3441 quantomagis
2152 3348 2531 3412 distribuitur,
2557 3344 2721 3397 tanto

1549 3410 2724 3571 ἓζέἕᾶῗγῗὲἓιᾞὲἓὲἓὲῗὲὸἒέἳιέρῖἓῗὲἐῗὲἃ

1549 3574 1849 3633 duodecim
1886 3570 2134 3644 cophini,
2169 3562 2481 3630 secundum
2522 3567 2722 3612 nume·

1547 3662 1675 3705 rum
1706 3643 2004 3703 duodecim
2028 3636 2428 3712 Apostolorum
2452 3645 2467 3697 3
2493 3641 2597 3682 nec
2620 3622 2723 3678 da·

1545 3722 1606 3773 ta
1652 3724 1789 3774 sunt
1830 3716 2013 3771 turbae
2055 3710 2379 3780 fragmenta
2420 3692 2724 3777 portanda,

1546 3788 1648 3844 sed
1677 3784 1987 3857 discipulis,
2016 3785 2082 3837 ut
2121 3794 2223 3852 per
2250 3777 2359 3832 hoc
2391 3771 2721 3853 des-ignare-

1545 3863 1642 3914 tur
1671 3857 1820 3928 quod
1863 3853 2179 3934 fragmenta
2206 3851 2266 3903 et
2304 3843 2559 3912 reliquiae
2593 3849 2720 3890 ver-

1546 3930 1751 3986 borum
1770 3922 1974 3983 Christi
1994 3936 2099 3994 per
2114 3915 2414 3991 Apostolos
2438 3910 2600 3966 erant
2623 3919 2727 3975 pei·

1550 3997 1822 4055 muudum
1859 3992 2156 4068 portanda,
2188 3993 2245 4044 et
2287 3998 2390 4058 per
2416 3996 2516 4038 eos
2548 3976 2725 4034 corda

1479 4093 1486 4098 ⁴
1541 4070 1744 4142 Jejuna
1769 4063 2081 4139 pascenda3
2115 4059 2212 4132 qui
2243 4059 2389 4115 bene
2417 4047 2718 4109 duodecim

1548 4156 1675 4198 esse
1704 4138 1989 4205 dicuntur,
2021 4131 2156 4206 quia
2182 4131 2327 4187 fides
2355 4127 2567 4183 sanctae
2595 4117 2718 4177 'rri-

1547 4212 1742 4268 nitatis
1763 4208 1821 4265 in
1848 4211 2090 4280 quatuor
2117 4203 2312 4266 mundi
2341 4195 2596 4272 partibus
2617 4205 2725 4263 per

1549 4299 1650 4369 eos
1695 4287 1818 4338 erat
1857 4274 2236 4363 praedicandao.
2280 4271 2439 4331 Unde
2478 4267 2719 4348 Ambro-

1545 4369 1667 4412 sius
1690 4371 1710 4410 ε
1745 4374 1775 4407 «
1805 4353 1908 4410 Hic
1935 4365 2069 4408 vero
2092 4363 2279 4424 pams,
2311 4357 2484 4419 quem
2510 4339 2726 4410 trangit
