3146 5023
584 348 663 402 DE
717 346 1096 401 HYDROPICO
1149 348 1226 400 ΕΤ
1282 346 1824 402 EXHORTATIONE
1884 344 1969 399 AD
2022 339 2509 400 RUMILITATEM.
2689 348 2784 401 263

319 473 467 518 rum.
515 458 672 517 Unde
718 457 779 513 in
823 456 1204 529 Apocalypsi:
1245 458 1309 515 Si
1362 460 1489 528 quis

319 534 564 589 audierit
590 547 767 587 vocem
796 546 991 596 meam,
1025 527 1240 585 scilicet
1269 530 1326 584 in
1348 545 1489 600 prae·

321 605 622 672 dicatione,
662 607 713 658 et
750 604 1029 673 aperuerit
1063 603 1225 670 mihi,
1276 600 1490 657 scilicet

319 675 382 732 in
411 674 774 742 contritione,
805 673 1023 729 intrabo
1061 674 1137 728 ad
1164 689 1306 741 eum,
1335 672 1490 729 scili-

318 753 409 806 cet
434 748 488 803 in
519 746 635 803 oris
657 744 1036 812 confessione3
1059 749 1111 799 et
1130 745 1344 801 eoenabo
1370 761 1490 800 cum

302 822 439 888 Allo,
456 823 508 874 et
537 822 655 890 ipse
674 833 898 885 mecum,
918 816 1131 872 scilicet
1156 816 1490 883 delectando

316 890 379 947 in
414 906 650 963 operum
692 887 1096 945 satisfactione.
1131 888 1282 944 Istud
1319 887 1493 951 etiam

317 967 505 1034 potest
535 960 706 1018 simili
747 961 915 1017 modo
947 958 1123 1032 accipi
1155 959 1227 1016 de
1252 960 1490 1030 praelato

319 1038 375 1090 et
401 1033 653 1090 Ecclesia
677 1033 848 1089 domo
880 1032 1023 1115 ejuS,
1047 1047 1217 1102 quam
1242 1036 1377 1088 tunc
1399 1029 1491 1087 in-

317 1104 509 1173 travit,
531 1109 588 1161 et
616 1103 871 1173 quotidie
900 1106 1077 1159 intrat
1106 1103 1379 1159 Christus,

389 1182 423 1245 li
480 1178 691 1234 SEPTEM
745 1192 1031 1232 nrnnorici
1098 1189 1491 1231 rnormnruns

320 1266 522 1304 sarri-:ii
558 1265 837 1303 carii-Anni
883 1264 1030 1303 virm
1072 1263 1389 1302 DESIGNANT.
1423 1275 1494 1287 -

319 1322 387 1376 Et
403 1320 712 1376 notandum
734 1319 884 1390 quod
899 1319 1275 1390 proprietates
1293 1317 1494 1388 hydro-

319 1390 433 1463 pici
458 1397 587 1446 sunt
616 1399 854 1462 septem,
882 1406 983 1461 per
1009 1405 1135 1459 quae
1159 1394 1375 1460 septem
1400 1404 1491 1444 ca·

318 1462 518 1535 pitalia
545 1460 701 1530 vitia,
723 1462 808 1517 vel
831 1465 1062 1532 peccata
1077 1460 1194 1516 desi
1239 1465 1447 1533 uantur
1473 1475 1488 1527 ;

320 1538 377 1590 et
395 1532 524 1591 ideo
541 1531 646 1589 iste
672 1531 1016 1604 hydropicus
1036 1548 1205 1603 quem
1231 1532 1347 1588 ibet
1368 1546 1495 1602 pec-

321 1612 570 1662 catorem
589 1603 914 1673 significare
935 1603 1288 1675 perhibetur.
1313 1604 1494 1659 Habet

322 1676 473 1733 enim
492 1676 830 1748 hydropicus
844 1673 1023 1746 primo
1040 1691 1106 1731 co
1115 1676 1298 1747 rporis
1315 1681 1495 1731 tumo-

320 1765 463 1817 rem,
494 1750 575 1804 sic
596 1763 660 1804 su
703 1749 876 1805 erbus
899 1746 1085 1802 cordis
1106 1745 1491 1814 inflationem;

318 1820 565 1878 secundo
587 1820 662 1876 ha
704 1824 760 1876 et
805 1818 1107 1891 spirituum
1150 1816 1492 1889 compressi·

324 1908 515 1961 onem,
546 1890 866 1947 sicinv'idus
886 1891 1038 1947 bona
1055 1889 1397 1961 comprimit,
1423 1904 1494 1945 ne

320 1964 677 2035 publicentur
739 1967 798 2019 et
854 1960 1079 2018 veniant
1144 1962 1218 2018 ad
1271 1962 1489 2030 lucem3

323 2034 512 2103 tertio,
532 2033 656 2090 sitis
675 2034 961 2100 ardorem,
991 2033 1071 2088 sic
1090 2048 1297 2089 avarus
1320 2049 1493 2103 quan-

325 2111 380 2161 to
417 2104 546 2176 plus
581 2106 657 2162 de
698 2102 910 2160 divitiis
959 2102 1120 2175 bibit,
1160 2108 1317 2159 tanto
1368 2104 1494 2175 plus

324 2176 473 2246 sitit3
511 2183 754 2249 quarte,
802 2176 1105 2232 humorum
1151 2174 1493 2246 indigestio-

324 2264 477 2316 nem,
511 2251 590 2303 sic
613 2247 921 2304 iracundus
941 2263 1044 2318 per
1066 2247 1211 2303 iram
1229 2245 1496 2304 diminuit

322 2320 443 2376 dies
472 2333 639 2388 suos;
674 2318 893 2391 quinto,
934 2318 1143 2400 pedum
1222 2317 1492 2400 igi-itiam,

322 2391 401 2448 sic
439 2390 754 2448 accidiosus
803 2389 1091 2462 pigritiam
1129 2406 1163 2445 a
1210 2393 1495 2445 ectionum

322 2467 377 2520 et
406 2462 812 2535 cogitationum
844 2462 916 2518 ad
938 2463 1082 2518 bene
1107 2461 1457 2533 operandum
1479 2478 1493 2530 ;

318 2541 496 2602 sexto,
527 2534 863 2605 genitalium
904 2535 1274 2592 inflationem.
1305 2532 1383 2588 sic
1408 2533 1493 2589 lu-

320 2606 579 2662 xuriosus
618 2605 955 2662 eorumdum
993 2604 1493 2674 tumefactionem3

322 2676 584 2760 septimo,
646 2676 763 2759 oris
808 2676 1091 2746 ioetorem,
1135 2675 1217 2732 sic
1261 2676 1495 2749 gulosus

321 2766 436 2806 oris
474 2754 918 2821 corruptionem.

394 2826 423 2876 5
447 2823 773 2876 Hrniiorisus
798 2837 977 2876 TAMEN
1006 2837 1349 2877 SPECIALITER
1369 2837 1497 2875 AVA-

324 2908 514 2947 mrum
541 2909 605 2946 m·
635 2909 908 2948 Lnxnaiaii
937 2909 1216 2948 nnsiouAr.
1256 2923 1319 2934 —-
1353 2892 1495 2962 Spe-

321 2962 540 3019 cialiter
581 2968 772 3018 autem
814 2963 1137 3034 hydropisis
1194 2963 1495 3019 avaritiam

321 3035 619 3104 designat,
677 3033 814 3104 quia
878 3034 1221 3105 hydropicus
1282 3039 1493 3105 quanto

320 3121 504 3175 magis
533 3106 785 3161 abundat
810 3107 1047 3162 humore
1067 3105 1412 3175 inordinatO,
1440 3111 1496 3163 et

320 3178 549 3260 quando
593 3176 715 3246 plus
760 3175 924 3245 bibit,
955 3183 1112 3234 tanto
1143 3177 1385 3248 amplius
1416 3177 1494 3234 si-

318 3254 416 3315 tit‚·
459 3248 540 3304 sic
575 3264 802 3317 avaruS,
849 3253 1062 3319 quanto
1100 3255 1185 3305 est
1215 3249 1496 3321 copiosior

320 3320 556 3391 divitiis,
600 3320 807 3391 quibus
853 3337 968 3377 non
1016 3322 1160 3378 bene
1207 3320 1406 3390 utitur,
1441 3328 1497 3378 et

319 3408 430 3465 quo
464 3392 585 3464 plus
612 3391 838 3449 divitias
867 3394 1107 3465 adeptus
1133 3393 1493 3462 fuerit,tanto

318 3463 609 3521 ardentius
665 3479 764 3521 eas
806 3464 1173 3538 concupiscit,
1235 3467 1389 3537 quia,
1431 3469 1495 3521 ιιι

318 3537 600 3592 Juvenalis
625 3535 759 3593 dicit
785 3553 800 3592 ι

393 3642 595 3699 Crescit
622 3657 777 3698 amor
810 3647 1041 3715 nummi,
1070 3650 1340 3716 quantum
1368 3648 1495 3717 ipsa

997 3717 1252 3787 [pecunia
1281 3721 1491 3776 crescit.

322 3816 695 3877 Ferocissima
722 3818 900 3902 pestis
925 3824 1011 3877 est
1034 3822 1334 3893 cupiditaS,
1365 3838 1493 3893 quae

324 3906 422 3945 eos
453 3905 594 3961 quos
625 3897 795 3973 capit,
830 3908 1041 3974 egenos
1075 3894 1300 3950 efficere
1329 3895 1492 3964 solet,

324 3960 460 4018 dum
518 3965 686 4018 linem
728 3963 1052 4034 inquirendi
1093 3982 1210 4022 non
1247 3965 1492 4034 invenit,-

325 4034 449 4103 sed,
478 4037 538 4115 ut
570 4034 750 4106 magis
785 4051 896 4106 quo
932 4036 1096 4093 fuerit
1132 4038 1493 4109 locupletata,

326 4105 631 4161 mendicat.
682 4108 751 4162 Et
793 4106 900 4164 iste
947 4124 1149 4165 avarus
1201 4115 1311 4167 stat
1366 4115 1498 4166 ante

323 4180 538 4246 Jesum,
595 4194 725 4235 cum
773 4178 1121 4238 convertitur
1170 4181 1242 4237 ad
1298 4183 1497 4251 Deum,

325 4255 561 4319 paratus
598 4252 878 4323 acquisita
925 4251 1252 4334 dispensare
1289 4255 1362 4309 ad
1401 4254 1499 4309 ho·

329 4337 526 4379 norem
555 4323 805 4379 divinum
834 4341 848 4392 3
889 4327 945 4381 et
984 4340 1064 4382 sic
1091 4330 1388 4397 recuperat
1417 4341 1500 4382 sa-

1600 456 1860 525 nitatem,
1900 456 2036 528 quia
2078 455 2150 513 de
2183 456 2492 529 cupiditate
2525 463 2780 518 mutatur

1599 527 1660 584 in
1689 528 2124 596 liberalitatem3
2161 533 2216 585 et
2241 528 2370 587 ideo
2396 534 2530 588 ante
2563 531 2775 588 Phari—

1603 615 1744 655 saeos
1789 598 2160 670 hydropicum
2203 608 2384 671 curat,
2424 607 2483 660 et
2519 620 2648 660 mox
2678 619 2777 661 eos

1601 686 1705 743 per
1733 670 2048 742 exemplum
2074 669 2339 728 animalis
2356 674 2510 730 bruti
2536 674 2618 733 sic
2645 691 2781 733 con·

1603 742 1794 810 vincit,
1820 746 1887 797 ut
1906 743 2137 798 eosdem
2162 742 2334 799 etiam
2364 745 2619 803 avaritiae
2647 763 2776 804 con·

1604 815 1856 870 demnet.
1903 843 1973 853 —-
2025 814 2397 895 comparatur
2449 816 2622 874 etiam
2669 819 2780 890 hy-

1607 885 1870 957 dropicus
1908 882 2280 956 spiritualiter
2311 885 2362 942 ei
2394 902 2563 958 quem
2598 890 2781 946 fluxus

1606 956 1919 1014 carnalium
1948 955 2300 1027 voluptatum
2329 959 2643 1016 exuberans
2676 976 2783 1031 ag-

1605 1035 1822 1101 gravat.
1859 1031 1958 1083 Hae
1990 1031 2134 1083 enim
2161 1034 2291 1084 sunt
2318 1030 2441 1085 duae
2475 1033 2607 1101 filiae
2641 1047 2783 1088 san—

1604 1103 1872 1169 quisu9ae‚
1889 1115 2008 1169 quae
2026 1115 2235 1169 semper
2252 1100 2444 1157 dicunt
2463 1119 2477 1158 ι
2495 1102 2675 1173 Affer,
2697 1105 2783 1185 as·

1603 1174 1720 1241 fer,-
1752 1170 1966 1227 scilicet
1989 1170 2177 1227 carnis
2201 1171 2480 1245 voluptaS,
2504 1178 2560 1231 et
2588 1190 2781 1232 avari-

1603 1243 1699 1300 tiae
1730 1241 2031 1314 cupiditas.

1675 1320 1708 1370 6
1740 1317 1868 1370 Irim
1899 1330 2217 1384 sortiamini,
2249 1331 2392 1373 nmis
2419 1317 2668 1374 Donamus
2695 1332 2782 1375 m-

1605 1403 1829 1442 VITATOS
1858 1403 1927 1441 An
1979 1403 2342 1444 nummum
2376 1406 2678 1447 noiiurun.
2710 1419 2781 1433 —

1607 1457 2129 1528 Designat.quoque
2164 1459 2488 1532 hydropisis
2518 1459 2782 1533 speciali-

1602 1533 1694 1586 ter
1722 1528 2069 1601 superbiam,
2106 1531 2258 1602 quia,
2290 1530 2435 1589 sicut
2470 1533 2528 1587 in
2559 1532 2780 1614 hydro-

1607 1601 1730 1685 pico
1764 1604 1888 1657 erat
1910 1604 2143 1673 turgens
2162 1602 2414 1675 corporis
2434 1602 2679 1673 inflatio,
2699 1602 2782 1660 sic

1605 1690 1667 1729 in
1697 1673 1943 1744 superbo
1974 1678 2061 1729 est
2090 1679 2314 1731 tumens
2339 1674 2548 1733 mentis
2573 1674 2778 1744 elatio;

1607 1750 1665 1802 et
1727 1746 1854 1800 ideo
1908 1759 2100 1800 coram
2162 1746 2424 1818 superbis
2479 1745 2784 1803 Pharisaeis
2857 1813 2861 1817 <

1608 1820 1768 1875 curat
1787 1816 2158 1888 hydropicum
2178 1816 2570 1889 corporaliter,
2589 1823 2651 1875 ut
2674 1819 2784 1875 hoc

1607 1888 1863 1960 exemplo
1894 1885 2001 1959 ipsi
2029 1888 2249 1947 discant
2278 1890 2462 1946 curari
2500 1888 2780 1962 spiritua-

1607 1960 1757 2027 liter,
1790 1965 1848 2015 et
1893 1974 1995 2030 per
2036 1959 2198 2018 istius
2226 1960 2624 2028 aegritudinem
2653 1977 2782 2017 cor-

1606 2031 1781 2105 poris,
1833 2030 2080 2087 ostendit
2124 2033 2187 2089 in
2230 2033 2344 2090 illis
2385 2032 2782 2105 aegritudinem

1607 2102 1858 2183 mentis:
1898 2103 2050 2172 quod
2082 2104 2232 2161 enim
2271 2106 2379 2162 iste
2422 2104 2484 2161 in
2522 2121 2622 2161 cor
2661 2120 2782 2173 ore,

1606 2176 1714 2232 hoc
1743 2173 1825 2229 illi
1856 2176 2155 2244 gestabant
2182 2177 2241 2232 in
2267 2182 2478 2233 mente.
2512 2178 2597 2232 Un
2641 2192 2672 2232 e
2703 2178 2786 2231 in-

1607 2245 1848 2303 tendens
1883 2246 2172 2326 quomodo
2209 2246 2427 2320 primos
2471 2246 2786 2316 accubitus,

1608 2318 1665 2375 id
1697 2322 1783 2374 est
1813 2330 2025 2387 primas
2051 2323 2107 2375 et
2134 2318 2589 2376 honorabiliores
2619 2319 2786 2385 sedes

1609 2391 1667 2446 in
1727 2387 2000 2446 conviviis
2072 2388 2422 2448 solemnibus
2484 2389 2785 2464 eligerent,

1608 2463 1869 2519 hortatur
1901 2477 1999 2519 eos
2030 2462 2102 2519 ad
2130 2463 2530 2534 humilitatem,
2572 2478 2782 2536 propo-

1610 2550 1751 2591 nens
1781 2535 2099 2605 exemplum
2135 2535 2306 2593 unius
2340 2534 2531 2608 operis
2558 2533 2788 2593 humili-

1607 2610 1697 2662 ter
1729 2605 1992 2671 faciendi,
2023 2605 2121 2661 ubi
2162 2606 2269 2662 loci
2300 2606 2611 2676 superioris
2635 2622 2788 2663 arce·

1610 2683 1703 2733 tur
1747 2693 1780 2732 a
1821 2675 2094 2752 petentia,
2133 2681 2198 2732 ut
2235 2679 2308 2733 ad
2359 2676 2788 2734 similitudinem

1610 2749 1735 2820 ejus
1804 2757 1902 2809 ant
1921 2753 2143 2818 cetera;
2175 2753 2231 2804 et
2260 2750 2473 2806 docens
2503 2749 2789 2806 humilita-

1609 2827 1726 2878 tem
1753 2836 1864 2880 non
1900 2821 2083 2881 solum
2099 2821 2252 2893 apud
2281 2822 2478 2887 Deum,
2495 2821 2594 2878 sed
2613 2820 2785 2878 etiam

1609 2892 1761 2964 apud
1810 2894 2072 2952 homines
2102 2909 2225 2950 esse
2266 2892 2633 2950 laudabilem.
2665 2893 2787 2949 Non

1610 2964 1762 3021 enim
1791 2966 2126 3023 intendebat
2163 2963 2554 3036 principaliter
2582 2964 2788 3020 docere

1611 3036 1763 3108 quod
1786 3038 1878 3094 hic
1903 3036 2111 3094 dicitur
2140 3036 2212 3092 ad
2240 3036 2513 3103 litteram,
2537 3036 2638 3093 sed
2670 3051 2787 3107 my-

1611 3107 1752 3165 stice
1779 3110 1933 3166 aliud
1960 3107 2314 3172 intendebat,
2338 3106 2651 3164 secundum
2678 3107 2787 3179 spi·

1608 3181 1874 3238 ritualem
1918 3179 2372 3250 intelligentiam.
2417 3182 2609 3237 Monet
2649 3195 2786 3251 ergo

1609 3251 1874 3310 invitatos
1898 3253 1972 3310 ad
2001 3250 2247 3323 nuptias,
2275 3258 2471 3309 utnon
2492 3253 2549 3308 in
2577 3253 2784 3325 prime,

1610 3324 1711 3380 sed
1764 3328 1820 3381 in
1878 3323 2188 3381 novissimo
2247 3326 2582 3382 recumbant
2632 3325 2782 3393 loce,

1603 3396 1764 3467 juxta
1793 3396 1937 3454 illud
1969 3394 2253 3468 Sapientis
2285 3414 2299 3453 ι
2356 3397 2569 3465 Quanto
2605 3397 2788 3467 major

1609 3483 1684 3538 σε,
1727 3473 1880 3525 tanto
1921 3473 1972 3526 te
2007 3470 2244 3525 humilia
2290 3471 2351 3526 in
2404 3470 2675 3527 omnibus,
2713 3467 2784 3524 Ut

1608 3538 1762 3596 enim
1808 3540 1889 3597 ait
1937 3542 2350 3611 Chrysostomus
2387 3557 2401 3597 ι
2447 3565 2473 3590 «
2504 3540 2651 3597 Nihil
2701 3538 2780 3594 ita

1609 3612 1724 3668 Deo
1754 3614 1998 3669 amicum
2036 3618 2139 3682 est,
2175 3615 2238 3669 ιιι
2276 3627 2401 3667 cum
2434 3610 2649 3667 ultimis
2681 3625 2783 3665 se-

1594 3681 1790 3753 ·ipsum
1834 3699 2159 3752 numerare,
2211 3684 2321 3739 hoc
2364 3680 2514 3738 enim
2548 3679 2786 3751 philoso-

1606 3753 1754 3826 phiae
1790 3757 2071 3811 universae
2100 3752 2442 3826 principium
2472 3756 2577 3808 est.
2607 3770 2636 3804 ι)
2666 3753 2785 3808 Hoc

1610 3830 1803 3880 autem
1833 3841 1949 3880 non
1997 3830 2220 3880 tantum
2262 3821 2655 3897 corporaliter,
2689 3823 2788 3878 sed

1609 3900 1664 3950 et
1701 3895 2072 3965 spiritualiter
2112 3895 2354 3966 intelligi
2405 3895 2591 3951 debet.
2627 3892 2787 3950 Multi

1608 3965 1758 4024 enim
1787 3967 2201 4038 cumjactantia
2220 3971 2274 4022 et
2302 3967 2566 4037 superbia
2596 3963 2782 4021 cordis

1610 4039 1949 4094 recumbunt
2001 4038 2062 4094 in
2121 4036 2433 4094 novissimo
2472 4038 2620 4098 loco.
2666 4052 2783 4093 non

1611 4109 1720 4165 nisi
1752 4114 1815 4165 ut
1852 4108 1988 4181 justi
2022 4114 2080 4167 et
2131 4108 2378 4166 humiles
2430 4111 2501 4166 ab
2531 4107 2659 4165 aliis
2697 4106 2784 4163 vi-

1613 4181 1886 4250 deantur;
1920 4185 1977 4238 et
2020 4181 2182 4238 multi
2221 4197 2355 4239 vere
2382 4180 2647 4249 humiles»,
2685 4196 2788 4237 re-

1613 4253 1945 4310 cumbentes
2002 4254 2061 4309 in
2099 4269 2296 4325 cornu,
2337 4252 2689 4311 conscientia
2736 4258 2791 4307 et

1616 4324 1786 4382 corde
1825 4330 2094 4397 reputant
2131 4341 2190 4382 se
2236 4324 2292 4382 iii
2327 4324 2630 4381 novissimo
2665 4324 2788 4379 loco
