3146 5023
375 389 437 441 20
1077 385 1300 437 PRIMAE
1355 385 1601 440 PARTIS
1656 387 1873 442 CAPUT
1926 386 2140 443 XLVII.

375 510 509 553 nam
546 492 934 565 praedestinati
973 496 1128 555 sunt,
1168 506 1271 561 per
1303 493 1548 563 gratiam

377 566 564 640 ejecti,
623 564 770 620 male
822 562 1145 618 viventibus
1201 567 1258 617 et
1305 565 1548 620 terrenis

378 635 805 697 intendentibus
835 632 1203 690 dominantur
1229 651 1244 703 ;
1276 635 1429 705 quod
1457 640 1547 690 ta-

379 727 509 769 men
567 723 682 765 non
737 705 955 761 faciunt
993 702 1100 760 nisi
1137 706 1299 761 Jesus
1340 720 1543 761 conce-

378 785 493 845 dat.
528 778 665 853 quia
690 793 798 833 nec
822 776 1001 832 malos
1033 781 1254 831 tentare
1287 782 1545 848 possunt,

375 855 482 911 nisi
530 851 779 924 potentia
828 848 1020 904 divina
1052 847 1361 917 permittat.
1400 847 1545 904 Grex

376 943 509 984 vero
553 935 856 994 porcorum
902 935 937 975 a
988 919 1234 989 Legione
1281 918 1341 973 in
1389 934 1546 974 mare

374 997 693 1071 projicitur,
745 993 882 1048 dum
915 1004 1016 1060 per
1050 990 1336 1045 daemones
1369 990 1547 1045 malo-

374 1085 504 1125 rum
541 1064 883 1122 universitas
914 1061 985 1118 ad
1019 1059 1356 1116 infernalem
1390 1075 1543 1116 ama·

374 1140 683 1196 ritudinem
715 1133 1066 1207 perducitur.
1101 1133 1223 1186 Non
1260 1138 1546 1202 repugnat

371 1217 561 1271 autem
586 1209 739 1280 quod
764 1205 1060 1262 Matthaeus
1095 1203 1162 1259 de
1192 1202 1410 1258 duobus
1436 1203 1545 1257 dae-

373 1279 666 1348 moniaciS,
682 1282 902 1335 Marcus
914 1290 1047 1331 vero
1065 1277 1121 1329 et
1138 1276 1314 1329 Lucas
1328 1274 1395 1328 de
1424 1289 1539 1329 uno

371 1359 595 1412 tantum
648 1354 955 1422 loquantur
994 1364 1010 1417 3
1048 1346 1170 1413 sed,
1227 1345 1540 1401 secundum

373 1426 771 1495 Augustinum,
802 1418 1088 1490 intelligas
1119 1431 1299 1472 unum
1342 1431 1541 1471 eorum

369 1499 540 1555 fuisse
600 1507 855 1566 personae
901 1490 1142 1561 alicujus
1187 1486 1442 1542 clarioris
1487 1492 1544 1542 et

371 1567 709 1631 famosioriS‚
749 1563 858 1632 vel,
887 1561 1198 1640 secundum
1228 1560 1543 1641 chrysosto-

369 1658 538 1709 mum,
585 1636 835 1695 saevioris
887 1639 945 1688 et
996 1633 1234 1686 insanlae
1286 1644 1540 1700 majoris,

373 1727 474 1783 pro
513 1728 626 1783 quo
668 1710 762 1764 illa
795 1705 953 1776 regio
990 1700 1230 1757 maxime
1265 1701 1493 1755 dolebat
1526 1716 1541 1768 3

406 1784 522 1840 uod
541 1782 796 1836 volentes
810 1773 1132 1846 significare
1152 1773 1264 1827 duo
1284 1772 1544 1841 Evange-

361 1858 526 1923 listae,
550 1853 736 1908 solum
771 1861 954 1902 unum
983 1842 1541 1900 commemorandum

358 1926 783 2002 judicaverunt,
819 1917 889 1971 de
946 1931 1059 1987 quo
1099 1913 1233 1969 facti
1258 1913 1426 1984 hujus
1457 1912 1540 1968 fa-

366 2013 462 2055 ma
491 1996 660 2052 latius
686 1989 1127 2062 praeclariusque
1157 1984 1532 2054 fragraverat.

436 2073 468 2123 6
523 2068 788 2123 Caius-rus
841 2078 877 2116 A
946 2074 1180 2114 REGIONE
1231 2056 1543 2111 GERAssNo-

367 2158 476 2196 mm
524 2152 782 2193 mscnnrr.
833 2161 898 2172 -
931 2131 1203 2187 Eoeierunt
1249 2133 1429 2182 autem
1458 2125 1541 2182 illi

365 2210 628 2267 homines
657 2208 726 2262 de
757 2204 1003 2272 civitate,
1072 2205 1123 2255 et
1153 2204 1414 2254 venerunt
1465 2198 1541 2253 ad

364 2285 569 2338 Jesum.
602 2279 709 2336 Ubi
764 2278 920 2331 Titus
951 2292 969 2328 .·
1028 2291 1056 2324 α
1090 2272 1219 2326 Illos
1247 2276 1435 2324 autem
1467 2269 1539 2325 ad

368 2353 717 2409 Salvatorem
753 2346 911 2401 duxit
950 2343 1142 2398 damni
1178 2342 1487 2396 necessitas
1517 2360 1536 2408 ‚-

365 2423 697 2493 frequenter
726 2417 878 2473 enim
904 2416 1055 2469 Deus
1096 2412 1355 2469 homines
1385 2412 1538 2466 dam-

366 2500 465 2550 nat
490 2496 548 2548 in
577 2491 749 2548 rebus
774 2483 1070 2560 possessis,
1099 2488 1156 2540 et
1185 2482 1406 2538 confert
1421 2482 1536 2564 ‘be-

366 2565 634 2622 neficium
697 2558 1016 2624 animabus.
1080 2575 1107 2609 »
1150 2557 1224 2609 Et
1277 2554 1537 2635 homines

358 2640 549 2695 Jesum
580 2650 647 2691 ac
674 2632 824 2688 facta
843 2628 1118 2701 videntes,
1142 2641 1351 2681 consen
1372 2625 1539 2697 fragi-

364 2710 540 2765 litatis
586 2720 703 2760 suae
756 2701 913 2757 velut
957 2700 1143 2754 adbuc
1194 2696 1428 2760 infirmi,
1479 2703 1537 2752 et

364 2775 665 2851 praesentia
690 2771 916 2831 Domini
962 2768 1182 2840 indigni
1201 2773 1535 2835 roqaverunt

360 2852 524 2907 illum
562 2865 627 2904 ex
661 2843 1005 2909 bumilitate,
1039 2844 1102 2896 ut
1135 2855 1170 2893 a
1202 2839 1404 2909 finibus
1434 2849 1536 2894 'eo-

357 2938 483 2979 rum
532 2918 851 2978 discederet,
902 2914 1037 2983 quia
1095 2912 1287 2965 timore
1333 2925 1533 2978 magno

361 2987 750 3050 admirationis
794 2992 851 3042 et
893 2983 1227 3040 reverentiae
1272 2982 1529 3037 teneban-

356 3068 470 3121 tur.
527 3060 887 3132 Reputabant
937 3056 1089 3111 enim
1153 3068 1212 3109 se
1270 3052 1532 3123 indignos

361 3140 518 3191 tanto
554 3134 785 3187 doctore
817 3133 874 3183 et
917 3127 1042 3197 ejus
1073 3125 1526 3204 conversatione,

357 3206 505 3262 sicut
572 3198 840 3257 Centurio
910 3194 1213 3273 reputabat
1267 3209 1327 3248 se
1379 3194 1528 3248 indi-

361 3289 539 3348 gnum
568 3279 726 3328 tanto
775 3268 1016 3337 hospite,
1066 3271 1122 3320 et
1156 3271 1302 3344 sicut
1329 3266 1529 3320 Petrus

357 3342 682 3418 fragilitatis
730 3355 848 3395 suae
903 3351 1124 3393 memor
1174 3340 1293 3390 ait:
1348 3338 1463 3390 Eoei
1492 3352 1527 3390 a

359 3432 467 3484 me,
523 3416 658 3485 quia
723 3412 878 3466 homo
925 3411 1182 3478 peccator
1228 3422 1370 3474 sum,
1425 3409 1528 3460 Do-

359 3490 524 3543 mine.
554 3485 652 3541 Vel
675 3482 842 3549 sorte,
869 3478 957 3534 isti
994 3478 1263 3533 Geraseni
1309 3492 1370 3530 ex
1402 3492 1528 3547 pec-

359 3557 499 3615 catis
533 3556 651 3613 suis
685 3551 870 3609 territi
908 3548 1194 3605 timebant*
1236 3546 1526 3603 offendere

357 3627 719 3701 praesentiam
774 3619 1006 3690 Christi,
1064 3626 1121 3675 et
1177 3633 1278 3689 per
1335 3633 1527 3700 conse-

357 3717 537 3773 quens
608 3700 904 3753 incurrere
963 3705 1188 3762 poenam
1250 3705 1523 3771 majorem

316 3821 325 3830 .
355 3770 720 3844 praecedenti,
787 3771 846 3822 et
909 3779 1009 3833 per
1076 3776 1208 3818 eum
1283 3761 1526 3843 amplius

394 3859 529 3900 uam
558 3842 617 3898 in
644 3838 949 3897 amissione
978 3849 1281 3905 porcorum
1308 3832 1527 3913 daning-

377 3915 534 3984 'cari,
570 3914 716 3970 sicut
753 3909 864 3967 Oza
898 3912 1138 3979 tangens
1171 3919 1364 3960 arcam
1398 3904 1518 3960 Del.

349 3989 473 4058 Ipse
499 3990 681 4042 autem
715 3981 1010 4038 ascendens
1040 3978 1230 4032 navim
1263 3990 1521 4055 reversus

349 4062 449 4128 est,
482 4064 544 4113 ut
596 4056 852 4111 infirmos
921 4051 1230 4115 desereret,
1306 4046 1515 4126 quibus

352 4128 513 4184 oneri
537 4142 696 4183 suam
728 4121 1088 4195 praesentiam
1116 4133 1239 4173 esse
1270 4117 1515 4172 videbat.

353 4200 460 4254 Ubi
488 4200 904 4270 chrysostomus
931 4210 950 4246 .·
1001 4209 1031 4243 «
1057 4191 1298 4244 Attende
1323 4193 1516 4267 autem

352 4268 560 4326 Christi
603 4266 1003 4330 bumilitatem,
1031 4266 1332 4340 postquam
1360 4272 1516 4337 eni-m

348 4340 566 4397 collatis
593 4354 628 4394 a
662 4354 720 4393 se
741 4336 952 4392 talibus
978 4329 1286 4398 beneficus,
1326 4334 1517 4384 remit-

1667 496 1862 552 tebant
1882 512 2033 565 eum,
2056 512 2174 553 non
2206 498 2416 567 obstat,
2438 498 2538 555 sed
2559 499 2831 574 discedit;

1668 571 1725 622 et
1758 583 1852 623 eos
1884 568 1983 639 qui
2019 567 2233 638 seipsos
2283 569 2547 642 indignos
2598 587 2702 627 sua
2740 573 2834 628 do·

1668 638 1853 695 ctrina
1910 640 2439 711 promulgaverant,
2508 641 2834 716 dereliquit,

1669 708 1810 765 dans
1840 709 1921 765 eis
1950 710 2210 767 doctores
2245 711 2521 768 liberatos
2552 729 2587 768 a
2625 713 2842 770 daemo-

1667 780 1859 851 nibUS‚
1896 786 1953 836 et
1981 797 2281 852 porcorum
2314 789 2590 854 pastoreS.
2622 803 2652 834 »

1739 874 1769 922 7
1797 854 2177 922 DAEuomACUS,
2200 871 2359 909 mma
2396 871 2705 911 msc1PULos
2730 872 2842 911 Non

1666 938 1945 993 amussim,
2004 943 2061 980 nv
2105 942 2206 980 SUA
2263 943 2457 981 PArmA
2499 943 2843 983 PRAEDICATOR

1667 1010 1963 1053 armemus.
1990 996 2323 1066 —cumque
2346 998 2509 1053 Jesus
2535 1000 2725 1053 navim
2753 1013 2847 1052 as·

1666 1066 1931 1136 conderet,
1965 1067 2201 1134 roqabat
2221 1069 2403 1136 illum,
2426 1084 2493 1124 ex
2514 1069 2840 1138 devotione,

1662 1139 1751 1203 <uir
1801 1144 2054 1207 sanatuS,
2106 1142 2169 1192 ut
2209 1154 2332 1195 cum
2383 1154 2442 1195 eo
2491 1144 2650 1210 esset,
2706 1140 2853 1210 quia'

1664 1215 1860 1279 gratus
1892 1209 1960 1265 de
1987 1208 2263 1266 beneficio
2293 1209 2399 1264 sibi
2432 1208 2661 1278 collato,
2705 1225 2840 1267 eum

1663 1279 1824 1349 sequi
1863 1279 2108 1336 volebat.
2160 1282 2321 1337 Jesus
2359 1287 2551 1336 autem
2583 1297 2693 1337 non
2726 1280 2838 1336 ad-

1661 1352 1837 1420 misit,
1885 1349 1944 1405 id
1975 1356 2060 1405 est
2087 1366 2202 1407 non
2232 1353 2446 1422 recepit
2478 1368 2599 1407 eum
2624 1353 2696 1408 ad
2749 1353 2839 1407 di·

1664 1420 2025 1491 scipulatum,
2046 1427 2278 1493 propter
2311 1422 2683 1492 praecedentis
2710 1439 2843 1494 pas·
2906 1440 2909 1442 ’

1666 1491 1839 1547 sionis
1863 1493 2196 1559 horrorem3
2227 1499 2284 1548 et
2313 1510 2385 1550 ne
2410 1495 2835 1551 adscriberetur

1665 1563 1931 1632 daemoni,
1972 1564 2124 1634 quod
2172 1565 2277 1619 istc
2320 1565 2554 1633 faceret,
2588 1565 2634 1619 si
2660 1566 2834 1622 disci-

1665 1634 1832 1704 pulus
1903 1635 2114 1690 Christi
2143 1632 2355 1704 suisset.
2417 1637 2495 1691 Ex
2529 1637 2637 1692 boc
2693 1637 2819 1694 loco

1663 1704 1941 1775 accipitur
1971 1711 2027 1760 et
2054 1712 2389 1762 consuetum
2429 1711 2513 1762 est
2548 1706 2607 1763 in
2647 1710 2834 1765 Eccle-

1662 1774 1765 1844 sia,
1802 1777 1954 1847 quod
1983 1777 2318 1833 daemoniaci
2348 1783 2404 1833 et
2455 1778 2654 1834 furiosi
2707 1787 2838 1849 post

1663 1849 2011 1903 curationem
2043 1863 2156 1902 non
2188 1854 2594 1918 promoventur
2633 1850 2707 1905 acl
2736 1867 2836 1907 ec-

1663 1919 1971 1975 clesiastica
1997 1918 2205 1975 officia.
2241 1920 2346 1975 Sed
2399 1921 2670 1977 Dominus
2698 1938 2833 1978 eum

1662 2005 1831 2060 quem
1864 1995 2160 2045 curaverat
2184 2005 2377 2045 secum
2397 1990 2602 2047 ducere
2624 1993 2830 2063 noluit,

1664 2066 1725 2115 ut
1748 2061 2040 2132 jactantias
2069 2076 2299 2116 causam
2343 2062 2522 2116 vitare
2554 2062 2780 2118 doceret
2813 2081 2826 2131 ;

1662 2137 1718 2187 et
1794 2136 2023 2200 propter
2093 2131 2339 2187 fructum
2408 2133 2830 2202 praedicationis

1663 2203 1843 2273 ipsum
1894 2203 1967 2258 ad
2002 2217 2135 2257 suos
2176 2201 2417 2268 remisit,
2457 2209 2519 2258 ut
2545 2219 2645 2274 per
2695 2221 2830 2260 eum

1664 2274 1808 2343 aliis,
1832 2278 2238 2343 procuraretur
2260 2274 2411 2329 salus
2429 2281 2485 2329 et
2507 2274 2831 2332 infidelibus
2887 2278 2896 2283 “

1661 2351 1809 2400 esset
1874 2344 2128 2415 exemplo
2182 2345 2299 2415 ipse
2358 2350 2606 2401 sanatus.
2667 2347 2828 2404 Unde

1660 2431 1788 2471 eum
1828 2431 1862 2472 a
1910 2430 2013 2470 sua
2062 2416 2291 2486 sequela
2339 2416 2669 2486 simpliciter
2709 2433 2828 2474 non

1657 2487 1901 2558 repellit,
1975 2487 2074 2543 sed
2148 2487 2329 2556 ipsum
2392 2487 2828 2558 praedicatorem

1657 2559 2007 2630 magnalium
2059 2557 2380 2613 divinorum
2408 2560 2716 2629 constituit,
2768 2567 2829 2616 et

1655 2631 1739 2683 ait
1773 2632 1866 2684 illi
1898 2647 1911 2686 ε
1967 2629 2122 2685 Vade
2160 2631 2222 2683 in
2254 2630 2473 2684 domum
2525 2634 2697 2701 tuam,
2752 2632 2827 2688 ad

1655 2704 1783 2755 tuos
1820 2699 2025 2769 quibus
2062 2715 2126 2754 ex
2175 2699 2361 2755 officio
2398 2701 2648 2757 caritatis
2699 2717 2732 2771 p
2845 2721 2868 2736 ’-

1659 2773 1890 2841 teneris,
1926 2775 1978 2824 et
2012 2773 2286 2826 annuntia
2316 2772 2436 2826 illis
2474 2777 2686 2842 quanta
2718 2775 2765 2828 ti
2803 2777 2827 2829 i

1653 2844 1917 2897 Dominus
1941 2842 2096 2910 fecit,
2131 2845 2183 2896 et
2202 2843 2289 2897 tui
2316 2844 2574 2897 misertus
2598 2846 2695 2911 sit,
2725 2859 2818 2899 sa-

1654 2928 1797 2967 nans
1819 2919 1874 2968 te
1901 2914 1959 2967 in
1979 2912 2171 2967 anima
2200 2918 2258 2968 et
2284 2912 2341 2968 in
2374 2929 2631 2983 corpore.
2663 2915 2823 2971 Unde

1656 2985 1989 3055 Theophilus
2017 3002 2034 3037 ε
2065 3001 2094 3035 «
2122 2983 2262 3039 Vide
2293 2984 2595 3040 Salvatoris
2626 2985 2821 3040 humi-

1653 3054 1869 3110 litatem
1900 3072 1920 3125 ;
1950 3070 2066 3109 non
2094 3054 2234 3109 dixit
2260 3071 2273 3112 :
2311 3056 2593 3110 Denuntia
2624 3057 2821 3112 omnia

1650 3141 1779 3195 quae
1817 3125 1951 3181 fecit
1979 3126 2104 3194 tibi,
2133 3125 2235 3181 scd
2259 3143 2273 3183 ε
2299 3126 2503 3181 Omnia
2527 3141 2656 3196 quae
2686 3126 2824 3183 fecit

1648 3197 1752 3251 tibi
1809 3196 2081 3251 Dominus
2109 3214 2128 3265 3
2184 3195 2263 3251 sic
2312 3201 2372 3251 tu
2423 3212 2554 3253 cum
2609 3198 2823 3254 bonum

1647 3266 1882 3338 aliquod
1919 3267 2195 3338 operarie,
2248 3283 2359 3323 non
2399 3267 2527 3338 tibi,
2568 3269 2663 3323 sed
2700 3270 2817 3324 Deo

1648 3338 1945 3394 attribuas
1988 3357 2017 3391 »
2059 3338 2216 3395 Unde
2253 3344 2309 3393 et
2348 3339 2759 3407 chrysostomus
2798 3359 2817 3395 .-

1648 3428 1677 3462 «
1712 3410 1866 3464 Licet
1902 3416 2091 3465 autem
2129 3409 2255 3464 aliis
2300 3409 2510 3465 sanatis
2546 3411 2820 3480 praecepit

1645 3479 1858 3535 nemini
1920 3479 2132 3551 dicere,
2175 3480 2579 3535 convenienter
2625 3488 2821 3536 tamen

1642 3551 1775 3606 huic
1820 3551 2093 3621 praecepit
2119 3551 2270 3621 quod
2308 3552 2630 3620 annuntiet,
2670 3565 2815 3621 quo-

1642 3621 1796 3677 niam
1854 3621 2041 3677 omnis
2096 3622 2254 3693 regio
2306 3621 2664 3677 daemonibus
2725 3622 2819 3677 de·

1639 3696 1800 3748 tenta
1848 3692 1970 3747 sine
2026 3693 2144 3748 Deo
2201 3692 2488 3750 manebat.
2544 3710 2572 3745 »
2652 3692 2814 3748 Unde

1640 3764 1811 3819 etiam
1859 3763 2209 3832 Auqustinus
2248 3782 2266 3819 ε
2325 3784 2351 3812 α
2404 3763 2565 3830 Quod
2618 3767 2813 3819 autem

1637 3834 1731 3889 ille
1796 3839 2025 3891 sanatus
2089 3836 2243 3905 cupit
2304 3835 2423 3915 jam
2489 3848 2609 3889 esse
2676 3849 2810 3889 cum

1636 3905 1882 3975 Christo,
1938 3912 1995 3959 et
2032 3903 2240 3960 dicitur
2275 3919 2368 3961 ei:
2415 3904 2570 3963 Vade
2606 3906 2666 3959 in
2704 3904 2810 3959 do·

1635 3990 1783 4030 mum
1815 3980 1989 4045 tuam,
2023 3980 2076 4031 et
2101 3991 2278 4032 narra
2299 3980 2512 4046 quanta
2545 3975 2652 4030 tibi
2675 3975 2810 4048 fecit

1631 4049 1794 4112 Deus,
1832 4046 1914 4102 sic
1948 4046 2305 4118 intelligitur,
2347 4051 2407 4101 ut
2440 4048 2677 4118 quisque
2713 4044 2808 4101 in-

1631 4118 1851 4189 telligat
1870 4122 1993 4187 post
2023 4119 2412 4173 remissionem
2443 4123 2805 4187 peccatorum

1629 4189 1982 4244 redeundum
2012 4187 2119 4243 sibi
2154 4204 2273 4244 esse
2304 4190 2360 4243 in
2399 4188 2805 4244 conscientiam

1630 4259 1860 4328 bonam,
1894 4260 2040 4315 sicut
2074 4260 2132 4314 in
2169 4261 2423 4329 domum,
2460 4265 2518 4314 et
2550 4258 2802 4314 servien-

1629 4330 1764 4386 dum
1795 4331 2100 4402 Evangelio
2135 4335 2366 4402 propter
2402 4330 2648 4387 aliorum
2710 4345 2805 4385 sa-
