3146 5023
475 408 549 459 DE
606 402 1032 458 REVERSIONE
1086 401 1316 454 APOS'l'.
1372 402 1451 454 Ac
1505 401 1834 455 MISSIONE
1891 402 2098 455 LXXII
2155 403 2497 455 DISCIPUL.
2660 404 2723 457 97

312 516 353 567 8
414 511 639 566 Menum
695 522 1015 569 vocumms
1074 520 1434 561 PARvumRnu

229 600 372 639 IPSE
405 583 675 638 Cnmsrus
705 595 821 633 ssr.
855 608 925 618 —
953 578 1021 632 Et
1049 575 1185 647 quia
1222 576 1434 632 dictum

231 659 336 711 est
387 653 462 708 de
515 650 810 707 vocatione
867 647 1187 715 humilium,
1233 663 1432 703 conse-

280 730 499 782 uenter
527 721 760 794 ponitur
789 719 958 790 hujus
981 718 1296 774 vocationis
1324 734 1438 774 me-

237 742 433 853 Hium.
469 792 725 850 Christus
749 790 901 847 enim
926 789 1206 845 mediator
1226 789 1324 845 Dei
1350 792 1436 845 est

240 872 304 924 et
344 864 684 931 hominum}
726 862 950 917 debitus
987 867 1176 917 autem
1207 877 1434 932 proces-

239 954 352 995 sus
390 942 499 1003 est,
554 941 613 991 ut
641 936 714 990 ab
744 939 994 989 extremo
1025 932 1083 987 in
1123 938 1437 989 extremum

236 1008 598 1082 procedatur
630 1022 733 1077 per
764 1003 1045 1065 medium:
1079 1002 1208 1059 ideo
1252 1002 1437 1059 omnis

242 1094 555 1153 processus
602 1075 799 1148 gratiae
857 1074 1147 1131 derivatur
1200 1075 1273 1130 ad
1331 1090 1438 1130 nos

244 1166 359 1223 per
383 1148 692 1215 Christum,
726 1154 781 1201 et
811 1148 919 1201 hoc
956 1152 1042 1201 est
1070 1148 1222 1218 quod
1253 1145 1390 1202 dicit
1420 1162 1434 1200 z

248 1223 458 1279 Omnia
487 1222 625 1274 mihi
651 1219 862 1274 tradita
889 1222 1069 1272 sunta
1105 1220 1268 1272 Patre
1297 1233 1432 1279 mee,

252 1291 416 1363 quia,
475 1290 789 1346 secundum
846 1293 1109 1344 naturam
1167 1287 1435 1354 divinam,

252 1362 520 1421 Christus
579 1363 751 1416 habet
782 1375 906 1415 esse
936 1376 972 1415 a
1016 1361 1205 1428 Patre,
1244 1365 1302 1415 et
1337 1374 1442 1429 per

250 1448 617 1503 consequens
646 1447 834 1503 posse,
873 1429 1007 1486 licet
1042 1431 1251 1488 habeat
1288 1429 1439 1485 idem

249 1521 383 1562 esse
425 1519 686 1570 numere,
723 1507 779 1558 et
808 1517 974 1573 posse
1022 1518 1151 1557 cum
1184 1501 1347 1572 ipso:
1381 1506 1438 1556 et

252 1576 341 1633 sic
370 1574 563 1631 omnia
592 1573 804 1629 tradita
827 1577 958 1629 sunt
987 1572 1093 1629 sibi
1124 1589 1159 1629 a
1179 1575 1346 1629 Patre
1367 1573 1439 1627 ab

254 1651 497 1703 aeterno.
518 1645 836 1702 Secundum
853 1650 1045 1700 autem
1065 1650 1325 1700 naturam
1344 1644 1441 1698 hu-

256 1733 514 1784 manam,
550 1715 740 1773 omnia
780 1716 988 1771 tradita
1030 1721 1160 1772 sunt
1189 1716 1246 1771 in
1279 1720 1439 1786 pote-

260 1794 412 1845 state
438 1786 642 1843 Christi
672 1794 725 1842 et
755 1785 1002 1855 Domini,
1029 1803 1064 1843 a
1087 1789 1201 1843 Deo
1231 1789 1394 1841 Patre
1424 1802 1436 1840 :

259 1875 376 1916 uno
406 1859 597 1924 modo,
626 1864 900 1929 quantum
925 1859 997 1913 ad
1022 1860 1440 1923 auctoritatem,

261 1930 437 1986 etsie
474 1929 584 1985 sibi
624 1935 759 1985 sunt
815 1929 1024 1985 tradita
1077 1931 1148 1985 ab
1205 1927 1442 1984 instanti

262 1999 677 2072 conceptionis»,
719 1999 853 2071 quia
889 2016 955 2056 eo
984 2000 1106 2071 ipso
1157 2000 1307 2070 quod
1339 2015 1440 2054 na-

257 2079 392 2128 tura
415 2073 664 2127 humana
693 2071 878 2128 Verbo
903 2077 989 2127 est
1018 2070 1194 2139 unita,
1227 2069 1442 2138 omnia,

262 2147 459 2199 creata
491 2142 597 2199 sibi
633 2148 764 2197 sunt
814 2142 1023 2197 tradita
1051 2159 1064 2209 ;
1106 2142 1218 2197 alio
1252 2144 1442 2208 Πιοιὶο,

263 2219 543 2285 quantum
575 2214 646 2268 ad
687 2214 972 2280 effectum,
1014 2221 1070 2268 et
1099 2213 1177 2268 sic
1207 2213 1265 2267 in
1290 2212 1442 2283 judi-

259 2286 349 2341 cio
377 2284 573 2340 omnia
597 2290 767 2340 erunt
792 2285 1016 2340 subdita
1039 2284 1275 2354 pedibus
1298 2284 1442 2354 ejuS,

263 2356 398 2427 quia
435 2362 571 2411 tunc
605 2356 727 2427 ejus
765 2357 1026 2411 voluntas
1061 2357 1309 2427 perfecte
1339 2356 1444 2410 im-

259 2428 509 2498 plebitur
547 2427 606 2481 in
646 2426 926 2482 omnibus
960 2429 1028 2481 Et
1062 2426 1215 2497 quia,
1243 2443 1444 2482 secuu-

262 2499 399 2555 dum
430 2497 681 2554 divinam
715 2504 995 2567 naturam,
1030 2505 1116 2554 est
1136 2498 1285 2555 idem
1318 2514 1446 2554 cum

262 2572 455 2637 Patre,
501 2569 629 2625 ideo
678 2568 871 2625 subdit
917 2587 930 2624 ε
975 2574 1045 2625 Et
1093 2587 1245 2625 nemo
1293 2573 1447 2625 novit

267 2644 493 2707 Filium,
524 2643 638 2695 nisi
654 2644 843 2708 Pater;
871 2658 1044 2711 neque
1074 2644 1289 2696 Patrem
1319 2643 1446 2711 quis

265 2716 418 2767 novit
450 2756 467 2775 ,
500 2715 615 2766 nisi
633 2715 829 2780 Filius,
859 2728 961 2768 nec
991 2717 1181 2769 tamen
1209 2729 1311 2785 per
1338 2714 1445 2767 hoc

264 2783 581 2839 excluditur
636 2782 877 2854 Spiritus
914 2785 1171 2853 Sanctus,
1212 2784 1345 2855 quia
1379 2783 1445 2837 fit

263 2853 518 2925 exceptio
548 2853 886 2922 essentialis,
943 2871 1056 2910 non
1086 2853 1441 2926 personalis3

262 2925 366 2981 sed
394 2924 637 2995 Spiritus
669 2927 910 2981 Sanctus
948 2942 1063 2981 non
1094 2931 1181 2981 est
1210 2924 1445 2981 alterius

263 2994 553 3063 essentiae,
584 3012 754 3066 quam
790 3000 975 3053 Pater.
1022 2999 1089 3051 Et
1120 2996 1254 3067 quia
1291 2997 1447 3052 Chri-

264 3073 390 3123 stus
421 3072 508 3122 est
560 3067 840 3123 mediator
880 3066 978 3123 Dei
1015 3072 1071 3123 et
1111 3066 1441 3122 hominum:

266 3139 402 3195 ideo
435 3136 640 3194 notitia
678 3138 1004 3195 divinorum
1047 3139 1120 3194 ad
1154 3155 1258 3194 nos
1296 3136 1447 3193 deri-

261 3213 433 3265 vatur
462 3209 880 3279 perChristum‚
907 3217 1138 3282 propter
1154 3209 1305 3280 quod
1321 3209 1449 3265 sub-

259 3280 448 3338 ditur:
481 3283 554 3335 Et
595 3283 685 3335 cui
726 3283 959 3336 voluerit
981 3284 1158 3337 Filius
1185 3282 1445 3348 revelare,

262 3368 382 3407 non
401 3366 470 3406 eo
488 3366 658 3406 sensu
676 3352 828 3422 quod
842 3351 933 3407 isti
952 3351 1159 3422 quibus
1175 3350 1446 3408 revelatio

262 3424 355 3490 lit,
394 3421 680 3477 mediante
710 3421 870 3488 Filio,
903 3424 1151 3479 habeant
1187 3421 1448 3478 notitiam

265 3492 804 3564 comprehensionis
820 3496 965 3549 sicut
981 3493 1173 3561 Filius;
1193 3493 1327 3564 quia
1342 3495 1450 3549 hoc

262 3569 357 3622 est
384 3563 735 3635 impossibile
767 3571 1042 3622 creatura:
1075 3584 1088 3621 z
1122 3566 1260 3621 illud
1295 3565 1449 3622 enim

263 3635 421 3708 quod
447 3635 963 3707 comprehenditur,
981 3637 1230 3694 totaliter
1244 3641 1301 3692 et
1317 3653 1449 3709 per-

265 3711 432 3763 fecte
464 3705 844 3777 eogn‹.scitu1·.

343 3802 376 3849 9
405 3779 791 3834 mexmrssa
843 3795 907 3834 m·
942 3796 1141 3836 secum-3
1179 3797 1449 3835 Accensis-

265 3866 385 3905 nuu
414 3866 510 3903 ssi·
539 3867 608 3904 An
632 3852 827 3917 hesum,
868 3867 1024 3906 cums
1053 3869 1228 3908 metm
1258 3868 1448 3907 suAvss.

267 3951 343 3961 —
378 3922 448 3975 Et
486 3920 640 3990 quia,
694 3929 754 3976 ut
791 3920 1003 3977 dictum
1052 3928 1159 3991 est,
1196 3921 1454 3980 Christus

266 3995 362 4048 est
399 3990 684 4047 mediator
720 3991 819 4047 Dei
858 3998 914 4048 et
954 3994 1270 4062 hominum,
1325 3993 1452 4049 ideo

269 4069 693 4132 consequenter
728 4063 978 4119 ostendit
1009 4066 1160 4135 quod
1209 4064 1452 4120 familia-

269 4134 416 4188 riter
439 4138 497 4189 et
526 4149 725 4190 secure
753 4134 829 4190 ad
857 4133 1044 4206 ipsum
1073 4139 1159 4191 est
1185 4137 1457 4192 acceden-

269 4204 429 4260 dum.
463 4204 625 4260 Unde
655 4221 758 4260 nos
798 4207 870 4261 ad
915 4208 1022 4263 hoc
1054 4206 1301 4262 invitans
1327 4205 1409 4262 ait
1438 4223 1452 4260 :

277 4277 491 4342 Venite,
536 4277 824 4333 credendo
878 4284 934 4333 et
964 4277 1309 4347 obediend0‚
1342 4293 1457 4333 non

270 4345 539 4419 pedibus»,
571 4348 672 4404 sed
712 4347 1007 4419 moribus3
1041 4367 1156 4407 non
1196 4364 1455 4423 corpore,

420 4441 565 4495 Vm
596 4443 733 4496 Jnsu
764 4443 1004 4507 Canis-rr,
1038 4458 1209 4499 ‘tonus
1242 4445 1315 4498 11.

1545 506 1647 562 sed
1677 506 1812 562 fide.
1862 507 1973 561 Iste
2019 521 2266 576 namque
2301 506 2611 577 spiritualis
2641 513 2730 565 est

1544 593 1832 645 accessus„
1883 592 1995 647 quo
2056 577 2293 648 quisq'uc
2352 580 2467 634 Deo
2523 595 2728 652 appro-

1545 647 1784 720 pinquat
1807 647 1997 704 verius
2030 649 2103 705 ad
2142 664 2232 705 me
2289 650 2571 705 orandum
2624 667 2731 734 per

1546 720 1740 788 fidem,
1776 719 1848 775 ad
1877 735 1966 775 me
1993 721 2375 777 comitandum
2405 737 2508 792 per
2542 724 2728 780 imita-

1544 790 1782 858 tionem,
1813 790 1886 847 ad
1915 807 2005 846 me
2035 792 2337 849 fruendum
2369 808 2470 862 per
2510 793 2728 864 glorifi-

1546 864 1828 918 cationem
1855 880 1872 916 .-
1905 865 2095 919 Venite
2114 879 2271 932 ergo,
2304 880 2402 919 vos
2427 864 2623 933 clausi,
2650 866 2730 922 ad

1548 951 1634 988 me
1657 933 1864 989 ostium
1892 933 2185 1000 veritatis;
2213 934 2424 1003 venite,
2451 952 2551 992 vos
2569 935 2732 1007 περὶ,

1549 1006 1623 1061 ad
1679 1020 1768 1060 me
1838 1003 2120 1060 medicum
2178 1005 2376 1060 salutis
2426 1023 2440 1073 3
2523 1007 2732 1078 venite,

1549 1092 1653 1132 vos
1684 1074 1966 1156 naufragi,
2019 1075 2091 1131 ad
2121 1092 2209 1131 me
2247 1081 2473 1147 portum
2505 1078 2731 1147 quietis.

1551 1146 1703 1204 Felix
1741 1154 2019 1202 terminus
2057 1146 2128 1201 ad
2168 1163 2366 1217 quem:
2405 1146 2505 1202 secl
2544 1148 2736 1205 infelix

1549 1215 1831 1273 terminus
1859 1233 1894 1273 a
1923 1233 2055 1289 quo.
2089 1218 2221 1274 Ideo
2245 1217 2323 1273 ait
2355 1236 2367 1272 :
2413 1219 2607 1274 Omnes
2637 1223 2737 1290 qui

1552 1290 1840 1353 laboratis,
1873 1287 1989 1343 sive
2029 1290 2339 1344 secundum
2378 1296 2642 1346 naturam
2673 1290 2733 1347 in

1554 1375 1667 1430 qua
1694 1359 2001 1425 nascimur,
2026 1359 2143 1414 sive
2174 1359 2480 1415 secundum
2513 1361 2736 1432 culpam

1553 1446 1669 1501 qua
1722 1428 2194 1501 transgredimur,
2253 1429 2369 1486 sive
2428 1433 2738 1488 secundum

1552 1517 1783 1573 poenam
1812 1500 1871 1555 in
1915 1516 2028 1570 qua
2066 1500 2371 1556 morimur:
2415 1503 2739 1573 specialiter

1552 1579 1744 1628 tamen
1780 1570 2028 1642 loquitur
2058 1570 2150 1626 hic
2196 1572 2266 1627 de
2297 1572 2495 1629 dolore
2530 1573 2740 1630 infide·

1553 1643 1693 1699 lium
1730 1642 1787 1698 in
1841 1643 2063 1699 cultura
2111 1641 2414 1698 idolorum.
2470 1645 2512 1700 Ο
2547 1651 2739 1701 tamen

1553 1720 1829 1786 quantum
1862 1714 2084 1770 laborat
2114 1714 2435 1771 luxuriosus
2486 1715 2543 1769 in
2574 1716 2737 1772 volu·

1552 1785 1821 1858 ptatibuS,
1850 1801 2055 1841 avarus
2078 1784 2137 1841 in
2156 1785 2577 1857 cupiditatibuS,
2617 1803 2738 1844 am-

1553 1856 1795 1913 bitiosus
1843 1856 1903 1911 in
1959 1856 2371 1927 dignitatibus!
2423 1862 2495 1914 Et
2524 1862 2740 1915 onerati

1553 1932 1705 1995 estis,
1746 1927 1952 1999 triplici
2001 1944 2197 1997 onere,
2239 1928 2479 1985 scilicet:
2521 1930 2742 1987 Veteris

1560 1999 1743 2069 Legis,
1788 1998 2127 2054 Pharisaicae
2151 2000 2496 2066 traditioniS,
2524 2006 2581 2057 et
2617 2001 2740 2058 dia-

1557 2072 1758 2126 bolicae
1784 2069 2089 2125 servitutis.
2115 2071 2157 2126 Ο
2182 2071 2280 2126 Dei
2323 2071 2502 2127 nostri
2548 2072 2743 2144 digna-

1557 2141 1637 2196 tio
1659 2139 2079 2208 admirabili5,0
2105 2141 2310 2196 caritas
2332 2141 2662 2198 inetlabilis!
2693 2144 2736 2199 Ο

1562 2214 1734 2268 verba
1763 2210 1971 2279 dulcia,
2004 2215 2179 2267 verba
2202 2211 2407 2267 deifica
2436 2212 2448 2267 1
2483 2215 2619 2268 Ecce
2646 2213 2733 2269 in-

1556 2282 1699 2339 vitat
1727 2281 2011 2351 inimicOS,
2055 2284 2316 2339 hortatur
2350 2300 2500 2352 reOS,
2558 2284 2738 2342 allicit

1557 2354 1833 2425 ingratos
1874 2352 1976 2411 Ubi
2029 2356 2446 2423 chrysostomus
2480 2375 2497 2410 .-
2549 2378 2577 2408 «
2612 2358 2738 2413 Non

1558 2434 1748 2482 autem
1779 2425 1919 2482 dixit
1956 2443 1969 2481 :
2015 2425 2204 2482 venite
2240 2427 2334 2483 ille
2386 2433 2443 2483 et
2482 2427 2596 2497 ille,
2639 2428 2740 2485 sed

1559 2514 1758 2554 omnes
1788 2496 1969 2569 quiin
2000 2498 2495 2567 sollicitudinibus,
2538 2498 2633 2571 qui
2680 2498 2738 2556 in

1558 2568 1827 2634 tristitiis,
1863 2568 2047 2639 quiin
2099 2570 2344 2640 peccatis
2394 2571 2571 2639 estis:
2625 2588 2740 2626 non

1561 2645 1623 2695 ut
1652 2644 1909 2710 expetam
1937 2655 2131 2707 noxas,
2158 2641 2255 2696 sed
2283 2647 2344 2696 ut
2373 2642 2587 2697 solvam
2617 2657 2744 2710 pec-

1562 2715 1727 2777 cata;
1768 2715 1966 2780 venite,
2025 2727 2134 2767 non
2191 2711 2458 2783 quoniam
2515 2711 2745 2786 indigeo

1558 2787 1748 2838 vestra
1778 2781 1982 2852 gloria,
2016 2784 2115 2838 sed
2156 2782 2288 2853 quia
2328 2786 2453 2840 volo
2492 2793 2738 2840 vestram

1560 2854 1822 2908 salutem.
1858 2873 1884 2903 »
1918 2854 2075 2908 Unde
2114 2854 2304 2908 subdit
2336 2872 2348 2907 t
2380 2859 2449 2908 Et
2474 2872 2590 2922 eqo,
2623 2871 2737 2910 non

1560 2924 1743 2980 solum
1779 2925 2122 2989 exonerab0‚
2151 2924 2250 2977 sed
2290 2923 2460 2978 etiam
2492 2928 2735 2993 reficiam

1559 3010 1655 3049 vos
1684 2992 1894 3064 triplici
1941 2992 2088 3060 cib0,
2126 2992 2338 3048 scilicet
2372 3010 2384 3046 ε
2439 2993 2734 3065 doctrinae,

1560 3064 1927 3121 Eucharistiae
1975 3070 2032 3119 et
2082 3062 2299 3134 gloriae.
2335 3064 2456 3124 Vel,
2497 3069 2739 3133 reficiam

1557 3153 1675 3199 vos,
1718 3136 1775 3191 id
1822 3141 1909 3191 est
1946 3134 2173 3190 interna
2206 3135 2516 3192 resectione
2555 3142 2612 3193 et
2643 3138 2737 3208 ju·

1561 3207 1850 3264 eunditate
1881 3208 2150 3264 saturabo
2183 3211 2237 3262 et
2257 3210 2562 3265 recreabo:
2597 3215 2654 3265 et
2683 3208 2742 3265 in

1560 3278 1827 3350 praesenti
1846 3295 1948 3350 per
1969 3279 2231 3348 gratiam.
2251 3286 2308 3334 et
2334 3279 2394 3336 in
2425 3281 2612 3339 futuro
2635 3297 2738 3354 per

1561 3349 1824 3422 gloriam.
1860 3349 1958 3407 Ubi
1981 3350 2063 3407 ait
2088 3352 2237 3407 idem
2265 3354 2677 3423 chrysostomus
2718 3376 2735 3407 .-

1565 3443 1594 3475 «
1626 3424 1748 3478 Non
1778 3420 1917 3478 dixit
1949 3424 2179 3479 salvabo
2212 3425 2418 3493 solum,
2454 3427 2555 3483 sed
2586 3426 2739 3497 quod

1565 3494 1743 3550 multo
1774 3493 2022 3566 amplius
2060 3501 2167 3564 est,
2222 3496 2477 3553 reficiam
2509 3514 2629 3569 vos,
2682 3496 2740 3552 id

1565 3571 1655 3622 est
1687 3564 1744 3621 in
1783 3565 1937 3622 omni
1993 3565 2181 3637 quiete
2237 3569 2598 3623 constituam.
2658 3567 2742 3621 Ad

1563 3636 1750 3708 ipsum
1823 3637 1989 3708 uippe
2016 3643 2102 3693 est
2129 3637 2492 3695 veniendum.
2529 3638 2623 3708 qui
2653 3642 2742 3693 cst

1566 3707 1727 3778 quies
1817 3708 2206 3772 aborantibuS,
2274 3709 2601 3765 sublevator
2657 3712 2746 3763 est

1567 3776 1839 3845 oneratiS,
1872 3777 2104 3832 resectio
2136 3783 2221 3833 est
2249 3779 2526 3835 famelicis
2550 3782 2607 3833 et
2636 3777 2741 3833 de·

1566 3846 1910 3914 ficientibuS,
1934 3851 1992 3902 et
2018 3846 2114 3917 qui
2141 3849 2211 3903 de
2236 3848 2542 3919 semetipso
2567 3846 2741 3904 dicit:

1567 3922 1691 3978 Non
1712 3921 1837 3972 veni
1865 3934 2059 3972 vocare
2077 3920 2283 3986 justos,
2313 3921 2409 3974 secl
2432 3925 2743 3988 peccatores

1568 3991 1644 4045 ad
1662 3991 2056 4058 peonitentiam.
2083 4009 2109 4041 »
2137 3990 2294 4045 Unde
2314 3996 2372 4045 et
2390 3991 2704 4046 Bernardus
2725 4010 2743 4045 :

1572 4084 1601 4112 «
1632 4060 1873 4116 Mundus
1902 4059 2130 4126 clamat,
2171 4075 2277 4130 ego
2316 4061 2581 4118 deficiam
2611 4078 2625 4127 ;
2656 4078 2748 4118 ca-

1567 4149 1633 4188 ro
1662 4132 1891 4199 clamat,
1933 4147 2038 4199 ego
2070 4130 2455 4201 interficiam:
2490 4133 2751 4191 Christus

1569 4205 1799 4270 clamat,
1826 4219 1931 4275 ego
1953 4202 2232 4261 reficiam:
2258 4206 2330 4261 ad
2354 4220 2521 4276 quem
2540 4203 2650 4263 ibis
2667 4206 2695 4262 ‘1‘
2724 4227 2745 4256 n

1568 4278 1598 4332 J
1608 4290 1779 4347 ugum
1807 4290 1945 4348 ergo
1976 4274 2119 4347 legis
2153 4292 2219 4332 ac
2247 4275 2464 4349 peccati
2502 4283 2557 4333 et
2593 4278 2750 4336 solli-

1571 4345 1841 4404 citudinis
1870 4348 2293 4420 temporalium,
2324 4364 2450 4421 quae
2480 4351 2642 4409 vobis
2670 4352 2756 4409 la·

2605 4451 2632 4496 7
