3146 5023
440 365 498 417 12
1169 360 1391 414 ritum
1443 360 1686 415 Pilius
1741 359 1950 413 CAPUT
2003 358 2169 412 vai

511 488 545 525 ι
601 467 778 523 Tnion
853 483 1242 524 mscii‘nmiimi
1302 485 1616 524 aeramen-

440 555 618 596 mm.
638 569 708 580 —
729 537 1015 594 Timentes
1026 555 1130 608 erg
1142 540 1448 609 odiseipuli
1464 540 1608 609 ejuS,

443 616 503 666 et
535 610 595 665 iii
634 610 885 680 periculo
925 610 1114 680 positi,
1153 615 1495 666 accesserunt
1518 626 1614 666 re·

443 686 736 737 currentes
784 680 861 734 ad
905 696 1048 749 eum,
1109 686 1163 737 et
1209 684 1621 749 suscitaverunt

442 768 582 818 em,
612 752 851 806 dicentes
881 768 897 807 ε
927 754 1172 817 Domine,
1214 755 1374 809 salva
1399 768 1520 822 nos,
1553 759 1616 807 tu

442 823 593 879 enim
632 829 813 892 potes,
842 827 902 879 et
926 838 1029 878 nos
1066 823 1423 895 indigemus;
1480 824 1619 897 quia

435 895 704 965 pet-imae,
747 898 804 948 et
844 895 902 948 in
938 895 1188 963 periculo
1214 895 1501 952 constituti
1527 904 1634 950 su-‘

442 980 586 1021 mus,
672 963 777 1019 Ubi
834 964 1091 1033 Origenes
1127 988 1141 1023 ε
1201 985 1231 1019 «
1297 965 1340 1023 Ο
1389 982 1621 1022 veraces

443 1035 743 1105 discipulil
786 1036 1138 1092 Salvatorem
1181 1037 1474 1093 vobiscum
1516 1039 1623 1094 ha-

441 1106 604 1174 betis,
646 1112 703 1161 et
729 1106 1041 1177 periculum
1081 1108 1330 1177 timetis;
1362 1108 1481 1164 vita
1514 1124 1619 1164 vo-

441 1174 660 1234 biscum
720 1182 823 1246 est,
883 1182 941 1233 et
993 1177 1063 1233 de
1133 1186 1314 1234 morte
1391 1179 1619 1234 solliciti

443 1248 610 1305 estis!
645 1266 674 1301 »
732 1248 801 1302 Et
831 1248 956 1303 ideo
983 1249 1133 1319 quod
1165 1250 1460 1305 dixerunt:
1489 1250 1617 1306 Sal-

442 1335 515 1375 va
556 1334 677 1387 ηοε,
712 1318 936 1374 fiduciae
977 1319 1119 1389 fuit;
1174 1319 1308 1391 quia
1349 1324 1616 1391 perimus,

443 1390 964 1459 pusillanimitatis;
1000 1389 1151 1460 quod
1203 1390 1621 1448 suscitaverunt

445 1461 811 1517 infidelitatis.
849 1463 1089 1530 Propter
1116 1463 1268 1531 quod
1322 1463 1618 1533 increpan-

442 1534 514 1588 do
544 1532 683 1586 dicit
706 1534 784 1585 eis
810 1534 968 1587 Iesus
995 1554 1008 1588 :
1055 1531 1203 1598 Quid
1240 1534 1429 1588 timidi
1465 1536 1618 1599 estiS,

442 1603 667 1659 modica?
718 1603 850 1673 fidei
870 1606 900 1658 ?
928 1603 1102 1670 Quasi
1131 1602 1378 1661 diceret:
1416 1605 1473 1661 Si
1512 1605 1618 1659 ha-

446 1672 654 1730 beretis
710 1673 905 1743 fidem,
966 1689 1084 1728 non
1151 1674 1450 1744 timeretis,
1521 1676 1620 1731 sed

448 1745 707 1801 faceretis
750 1745 903 1814 quod
942 1744 1182 1813 velletiS,
1226 1750 1284 1799 et
1328 1751 1525 1801 ventos
1565 1751 1623 1801 et

444 1830 604 1871 mare
668 1814 988 1884 placaretis.
1043 1813 1150 1870 Ubi
1180 1815 1425 1884 cyrillus
1446 1835 1466 1871 ε
1499 1839 1525 1865 ι
1553 1817 1621 1871 ln

447 1901 561 1956 quo
590 1886 841 1940 ostendit
859 1885 1013 1955 quod
1037 1885 1309 1941 timorem
1343 1902 1460 1942 non
1484 1886 1625 1942 facit

447 1955 827 2012 tentationum
861 1955 1139 2024 inductio,
1189 1957 1291 2012 sed
1316 1957 1621 2014 imbecilli-

442 2035 531 2084 tas
577 2027 802 2082 mentis.
849 2025 1007 2084 Sicut
1045 2027 1200 2082 enim
1239 2042 1442 2084 aurum
1482 2044 1618 2099 pro-

444 2099 614 2156 batur
659 2097 720 2153 in
769 2099 923 2169 igne,
971 2097 1053 2154 sic
1099 2097 1159 2154 in
1204 2099 1618 2157 tentationibus

444 2169 608 2227 fides,
642 2188 671 2222 »
710 2169 1025 2242 Redarguit
1056 2185 1196 2242 ergo
1242 2170 1302 2226 in
1351 2172 1434 2226 eis
1479 2172 1614 2240 duo,

444 2241 661 2297 scilicet
697 2262 713 2297 z
784 2241 993 2296 mentis
1063 2240 1616 2312 pusillanimitatem,

448 2313 583 2384 quia
629 2327 748 2367 non
778 2312 1064 2368 debebant
1109 2313 1335 2383 timere,
1364 2328 1432 2367 eo
1463 2328 1616 2383 prae·

447 2389 630 2451 sente,
684 2397 857 2452 quem
906 2383 1174 2438 viderunt
1202 2388 1290 2438 tot
1340 2381 1618 2440 miracula

448 2453 659 2522 facere,
688 2457 748 2508 et
773 2452 863 2509 cui
894 2453 1269 2524 quiadbaeret
1292 2454 1479 2524 perire
1498 2470 1617 2510 non

420 2529 665 2597 ,potest3
722 2541 789 2580 ac
838 2523 972 2580 fidei
1023 2524 1432 2595 modicitatem,
1482 2528 1618 2597 quia

444 2611 564 2652 non
588 2596 900 2652 credebant
935 2610 1066 2652 eum
1094 2602 1318 2652 tantum
1360 2613 1521 2667 posse
1555 2599 1617 2653 in

445 2666 812 2737 dormiendo,
850 2674 1129 2739 quantum
1182 2668 1242 2722 in
1290 2666 1616 2740 vigilando,

447 2738 534 2793 vel
558 2743 780 2793 tantum
811 2737 873 2792 in
904 2739 1069 2809 mari,
1098 2743 1374 2809 quantum
1412 2740 1473 2795 in
1499 2745 1618 2795 ter-

441 2823 528 2866 ra.
557 2808 970 2879 Argumentum
997 2810 1130 2865 binc
1158 2809 1452 2880 habemus,
1483 2811 1620 2882 quia

415 2879 670 2951 ‚modieae
713 2880 846 2950 fidei
890 2886 996 2950 est,
1039 2880 1137 2952 qui
1179 2881 1239 2936 iii
1272 2881 1618 2938 adversitate

442 2952 627 3020 famis,
659 2966 958 3022 pressurae,
981 2957 1037 3007 et
1065 2952 1385 3024 hujusmodi
1410 2954 1621 3009 consti-

441 3027 618 3092 tutnS,
648 3029 990 3093 murmurat,
1022 3024 1208 3092 timet,
1233 3029 1292 3080 et
1314 3023 1621 3095 impatien-

443 3100 533 3147 ter
561 3093 695 3150 fert.
747 3095 906 3150 Unde
958 3096 1103 3151 tides
1126 3096 1370 3151 maxime
1417 3111 1616 3151 neces-

445 3162 597 3218 saria
633 3168 720 3219 est
764 3163 825 3219 in
860 3166 1125 3234 periculis
1157 3183 1173 3221 ς
1206 3167 1332 3222 Haec
1355 3171 1438 3222 est
1460 3168 1616 3223 enim

443 3235 680 3289 victoria
707 3250 831 3304 quae
879 3237 1054 3290 vincit
1089 3237 1376 3307 mundum,
1430 3237 1487 3292 id
1526 3242 1618 3293 est

442 3303 643 3358 mundi
691 3306 966 3377 pericula,
1001 3305 1137 3375 fides
1166 3312 1377 3365 nostra.
1408 3310 1480 3365 Ut
1505 3324 1612 3364 au-

443 3380 560 3429 tem
585 3374 725 3429 dicit
744 3375 1074 3432 Ambrosius
1094 3395 1113 3432 ε
1144 3396 1176 3431 α
1213 3379 1404 3435 iconia
1426 3395 1617 3436 serva-

443 3451 539 3499 tur
595 3444 653 3526 in
698 3445 999 3517 Apostolis,
1057 3453 1123 3503 ut
1170 3450 1434 3506 advertas
1490 3455 1616 3507 sine

441 3521 761 3572 tentatione
805 3519 1098 3574 neminem
1125 3535 1285 3590 posse
1312 3536 1380 3576 ex
1400 3522 1508 3577 boe
1535 3523 1619 3577 vi-

442 3593 521 3643 tae
549 3587 832 3643 curriculo
860 3587 1209 3661 demigrare,
1237 3592 1373 3662 quia
1399 3594 1615 3649 exerci-

443 3659 586 3714 tium
613 3658 751 3714 fidei
776 3661 1019 3715 tentatio
1048 3666 1157 3718 est.
1200 3662 1454 3736 Subjecti
1475 3680 1616 3736 ergo

388 3761 397 3770 ,
442 3744 638 3786 sumus
667 3728 940 3801 nequitiae
985 3732 1296 3803 spiritualis
1332 3736 1617 3806 procellis,

439 3800 540 3857 sed
574 3801 741 3872 quasi
764 3803 1085 3883 ‘pervigiles
1127 3811 1321 3863 nautae
1338 3807 1620 3879 guberna-

442 3879 629 3929 torem
656 3881 986 3931 excitemus,
1018 3894 1049 3929 n

510 3947 546 4000 ὅ
576 3946 1616 4009 Tamummnmsflnisrontn-

441 4031 585 4074 nus.
609 4045 678 4060 -
707 4019 858 4073 Time
879 4034 1110 4092 sur-qens
1134 4021 1299 4077 Jesus
1321 4024 1617 4094 imperavit

440 4089 618 4168 vetetis
685 4093 741 4144 et
804 4093 953 4146 mart·
1006 4092 1394 4165 saevieiitibus,
1469 4095 1620 4151 sicut

443 4157 716 4215 Dominus
767 4167 1071 4231 creatura,
1126 4163 1317 4223 dixit:
1369 4166 1513 4221 Tace
1558 4171 1621 4222 et

441 4228 799 4303 obmutesee3
874 4238 935 4288 et
980 4234 1222 4290 cessavit
1283 4242 1615 4309 tempestas,

448 4301 502 4353 a
552 4299 710 4367 tacta
730 4306 812 4358 est
855 4305 1245 4376 tranquillitas
1275 4322 1502 4379 mna,
1532 4309 1619 4368 ita

1725 464 1879 537 quod
1910 481 2016 521 nec
2057 464 2262 520 semita
2312 479 2420 520 nec
2452 463 2759 535 vestigium
2787 463 2906 522 ali·

1667 580 1668 591 ,
1726 539 1887 608 cujus
1914 535 2256 592 turbationis
2282 543 2610 591 remaneret
2626 556 2646 604 ‚-
2682 536 2766 592 sic
2790 537 2906 592 ita·

1724 624 1837 680 que
1885 607 2179 677 utriusque
2224 622 2343 663 suae
2394 614 2636 675 naturae,
2681 607 2907 664 seilicet

1726 680 1939 735 divinae
1964 684 2022 733 et
2057 680 2348 749 humanae,
2375 679 2676 734 veritatem
2704 678 2901 735 Domi-

1726 766 1834 807 nus
1869 750 2037 808 Jesus
2084 749 2342 805 Christus
2380 749 2650 821 dignatus
2684 755 2770 805 est
2804 749 2902 806 hic

1723 820 2327 888 commendare.Quasi
2341 821 2495 875 enim
2514 822 2686 876 bomo
2697 834 2908 878 navem

1727 893 2003 961 ascendit,
2059 893 2154 947 sed
2187 892 2349 962 quasi
2377 892 2525 947 Deus
2553 907 2712 947 mare
2761 907 2904 948 con-

1725 965 1965 1031 turbat3
1996 962 2158 1034 quasi
2185 964 2358 1019 homo
2393 963 2453 1017 in
2483 963 2614 1018 navi
2666 962 2901 1034 dormit,

1726 1035 1826 1089 sed
1858 1035 2017 1104 quasi
2049 1034 2197 1090 Deus
2229 1032 2414 1089 ventis
2443 1038 2500 1088 et
2551 1033 2696 1089 mari
2731 1035 2909 1105 impe·

1726 1110 1836 1171 rat,
1868 1109 1926 1160 et
1953 1121 2149 1161 eorum
2166 1105 2419 1161 furorem
2450 1103 2624 1160 verbo
2653 1110 2902 1161 coercet.

1727 1178 1868 1233 Nam
1894 1176 2147 1232 sentiunt
2178 1176 2481 1231 Dominum
2504 1175 2902 1245 mandantem,

1727 1258 1971 1318 quorum
2038 1251 2233 1302 tamen
2296 1244 2638 1302 insensibilis
2697 1251 2905 1302 natura

1727 1318 1998 1384 videtur3
2031 1317 2180 1373 unde
2214 1317 2485 1373 dicuntur
2518 1318 2634 1372 Deo
2665 1317 2907 1373 obedire

1728 1389 2067 1457 inanimata,
2121 1387 2259 1459 quia
2310 1388 2435 1443 solo
2475 1388 2653 1443 verbo
2701 1388 2773 1443 de
2815 1386 2906 1444 his

1726 1459 1868 1515 facit
1897 1460 2047 1531 quod
2080 1459 2547 1526 vult‚secundum
2578 1473 2750 1529 quem
2777 1473 2904 1514 mo-

1730 1530 1867 1586 dum
1891 1530 2161 1601 loquendi
2191 1531 2336 1585 solet
2362 1529 2471 1585 dici
2503 1530 2745 1586 materia
2768 1530 2906 1586 obe-

1730 1602 1892 1657 diens
1915 1602 2004 1656 vel
2032 1601 2365 1656 inobediens
2392 1600 2713 1656 medicinae.
2737 1603 2907 1658 Porro

1729 1674 1996 1743 homineS,
2022 1671 2336 1728 secundum
2354 1674 2768 1741 Hieronymum,
2790 1687 2908 1727 non

1728 1743 2009 1813 discipuli,
2068 1743 2167 1799 sed
2218 1748 2409 1797 nautae
2468 1748 2526 1816 et
2568 1742 2744 1797 ceteri
2809 1742 2907 1814 qui

1726 1820 1896 1869 erant
1927 1815 1987 1869 in
2013 1814 2171 1883 navi,
2200 1815 2403 1869 mirati
2428 1818 2582 1881 sunt,
2603 1829 2675 1868 ex
2697 1811 2906 1870 effectu

1725 1885 1992 1940 virtutem
2044 1884 2274 1940 deitatis
2297 1886 2424 1954 eius
2467 1889 2909 1956 cognoscentes,

1724 1971 1790 2011 ac
1829 1957 2006 2012 etiam
2056 1957 2419 2025 confitentes,
2450 1962 2510 2010 et
2558 1954 2900 2012 admirando

1724 2025 1963 2083 dicentes
2004 2049 2019 2083 ε
2072 2027 2268 2094 Qualis
2318 2030 2402 2082 est
2449 2027 2560 2090 liic,
2616 2029 2676 2081 et
2723 2041 2908 2098 quan-

1723 2103 1835 2168 tus,
1864 2099 1923 2153 id
1967 2104 2054 2154 est
2078 2113 2253 2169 quam
2298 2112 2559 2170 magnus,
2609 2112 2909 2168 quampo-

1723 2174 1871 2237 tenS,
1911 2174 1971 2224 et
2010 2175 2244 2240 quantae
2295 2167 2589 2241 dignitatis
2638 2174 2697 2224 et
2745 2173 2907 2239 pote·

1723 2240 1888 2295 statis
1912 2239 1926 2296 l
1961 2240 2132 2308 Quasi
2162 2241 2453 2295 dicerent:
2481 2241 2527 2296 N
2533 2254 2607 2294 on
2626 2244 2715 2295 est
2734 2241 2908 2296 homo

1725 2324 1918 2380 puruS,
1973 2311 2076 2367 sed
2129 2327 2299 2367 verus
2344 2311 2516 2366 Deus·
2571 2310 2678 2366 Ubi
2731 2311 2907 2382 chi-y-

1720 2387 1989 2438 sostomus
2014 2398 2030 2438 z
2063 2400 2092 2434 α
2122 2382 2365 2439 Somnus
2395 2381 2713 2451 hominem,
2741 2387 2906 2438 tran-

1724 2454 1979 2525 quillitas
2025 2453 2205 2509 Deum
2244 2452 2604 2525 ostendebat,
2650 2452 2780 2509 ideo
2814 2451 2908 2510 di·

1722 2531 1859 2581 cunt
1897 2542 1914 2581 ε
1959 2526 2155 2593 Qualis
2212 2529 2295 2581 est
2354 2526 2445 2581 hic
2487 2542 2501 2581 :
2559 2523 2698 2596 quia
2757 2525 2910 2582 sicut

1720 2596 1895 2652 bomo
1950 2596 2182 2668 dormit,
2231 2598 2378 2651 sicut
2431 2597 2581 2651 Deus
2629 2594 2910 2654 miracula

1719 2667 1875 2723 facit.
1893 2685 1921 2721 »
1938 2667 2067 2723 Tria
2085 2683 2225 2739 ergo
2243 2666 2624 2737 admirantur,
2648 2673 2707 2722 et
2724 2665 2910 2724 bomi-

1720 2754 1853 2795 nem
1880 2737 2282 2807 dormientem,
2309 2743 2370 2793 et
2395 2739 2577 2793 Deum
2613 2739 2904 2809 imperan-

1721 2816 1860 2879 tem,
1881 2814 1940 2864 et
1969 2816 2289 2865 creaturam
2324 2809 2712 2865 obedientem.
2742 2809 2908 2867 Unde

1721 2881 1942 2937 addunt
1995 2901 2010 2937 ε
2062 2880 2209 2947 Quia
2254 2882 2406 2935 venti
2445 2884 2500 2936 et
2542 2896 2716 2952 mare,
2771 2894 2906 2953 que

1723 2950 2075 3007 insensibilia
2131 2958 2285 3022 sunt,
2360 2951 2623 3008 obediunt
2687 2953 2764 3023 ei,
2827 2951 2905 3009 ad

1721 3030 1925 3078 nutum
1971 3023 2364 3093 obsequendo,
2423 3025 2576 3079 sicut
2635 3028 2905 3080 creatura

1723 3093 1984 3150 Creatori
2033 3109 2166 3150 suo.
2213 3095 2279 3149 ln
2307 3109 2425 3164 quo
2474 3093 2901 3166 redarguuntur

1723 3172 2003 3221 creaturae
2060 3165 2394 3234 rationaleS‚
2442 3180 2575 3236 quae
2608 3181 2726 3220 non
2759 3165 2902 3223 obe-

1724 3236 1892 3292 diunt
1925 3236 2204 3305 Creatori,
2243 3251 2372 3292 cum
2399 3242 2681 3292 ereaturae
2708 3236 2902 3297 insen-.-

1722 3305 1917 3363 sibiles
1964 3307 2237 3365 obediant
2287 3308 2364 3364 ei.
2411 3308 2519 3375 Qui
2547 3322 2686 3380 ergo
2737 3306 2904 3379 prius

1725 3378 2004 3435 miracula
2067 3379 2131 3435 in
2183 3385 2342 3435 terra
2408 3378 2566 3447 fecit,
2617 3379 2796 3435 etiam
2835 3378 2902 3435 in

1725 3452 1872 3505 mari
1919 3450 2114 3506 facere
2151 3452 2353 3522 voluit,
2382 3456 2449 3506 ut
2475 3451 2755 3506 Dominus
2778 3455 2902 3507 ter-

1725 3535 1808 3577 rae
1835 3527 1896 3577 et
1922 3523 2099 3578 maris
2143 3529 2442 3593 appareat,
2469 3527 2531 3577 et
2568 3522 2629 3577 in
2671 3520 2907 3594 signum

1724 3593 1879 3664 quod
1908 3597 2034 3649 tota
2059 3593 2112 3649 ei
2139 3592 2317 3649 servit
2333 3593 2491 3649 orbis
2520 3593 2815 3665 machina,
2842 3597 2908 3649 et

1671 3725 1672 3736 2
1725 3670 1932 3720 cuncta
1979 3664 2054 3720 ad
2080 3671 2284 3721 nutum
2303 3680 2474 3721 suum
2501 3669 2636 3721 sunt
2683 3668 2905 3723 creata.

1725 3736 1838 3791 Pei·
1889 3737 2000 3793 boc
2045 3741 2241 3792 autem
2301 3736 2457 3808 quod
2512 3751 2549 3792 a
2605 3734 2906 3807 discipulis

1726 3806 2002 3863 excitatus
2026 3812 2086 3864 et
2105 3811 2341 3879 rogatus
2365 3822 2466 3863 eos
2483 3807 2775 3877 liberavit,
2806 3821 2904 3864 ou-

1728 3878 1984 3934 tenditur
2031 3879 2187 3950 quod
2218 3894 2452 3949 semper
2478 3879 2603 3936 vult
2649 3878 2906 3951 rogarit
2957 3937 2976 3948 ⁴

1724 3948 1933 4019 nobis3
1953 3964 2109 4020 saepe
2133 3949 2291 4006 enim
2318 3949 2551 4021 exponit
2586 3964 2696 4005 nos
2738 3964 2904 4021 pree-

1723 4019 2051 4149 iffi‘fflqffli
2065 4021 2724 4165 fflffiffiz‘ffi·
2747 4017 2909 4165 3232?

1724 4163 1902 4220 multo
1933 4164 2136 4221 melior
2162 4170 2251 4221 est
2277 4136 2463 4220 oratio
2489 4179 2668 4236 quam
2702 4160 2906 4221 lectio.

1669 4227 1670 4236 ’
1724 4232 2915 4308 Secmdumchrmoemmmchristoefe-

1721 4305 1825 4380 ἀι.
1852 4308 1915 4365 in
1969 4309 2141 4380 mn·
2167 4322 2440 4381 mem
2485 4308 2914 4382 mmmm,
