3146 5023
402 401 490 457 156

417 509 603 564 multa
654 506 835 563 vidue
879 504 1023 561 tales
1070 508 1203 561 sunt
1254 503 1312 559 in
1354 501 1588 583 mund-o²

423 584 616 635 tamen
656 577 727 634 ad
757 575 972 632 nullam
1011 575 1257 631 mittitur
1284 574 1452 643 Elias,
1476 588 1588 628 nisi

422 649 492 707 ad
522 650 694 716 illam,
715 662 841 717 quae
867 649 956 701 est
980 647 1035 701 in
1066 646 1301 714 Sarepta
1316 644 1585 701 Sidoniae.

426 720 661 790 Sarepta
696 716 1104 787 interpretatur
1138 714 1471 779 incendium,
1499 716 1588 770 vel

423 792 684 859 anqustia
705 788 906 861 panis3
934 785 1182 852 Sidonia,
1211 788 1428 841 venatio
1456 789 1586 841 inu-

427 862 577 928 tilis,
613 865 672 915 et
702 857 989 931 significat
1026 857 1273 914 animam
1308 855 1587 929 peccatri-

423 944 565 994 cem,
578 945 705 1000 quae
724 934 955 1000 propter
972 928 1080 984 boc
1099 928 1248 999 quod
1266 928 1590 984 considerat

418 1000 569 1072 quod
593 999 869 1072 quidquid
890 1000 1166 1070 quaeritur
1184 1000 1242 1054 in
1263 999 1476 1055 mundo
1500 1005 1590 1055 est

414 1070 641 1127 venatio
666 1069 902 1139 inutilis,
930 1072 1047 1126 sive
1077 1069 1310 1138 divitiae,
1340 1070 1457 1126 sive
1483 1070 1589 1126 de-

412 1142 580 1211 liciae,
601 1142 987 1215 angustiatur:
1006 1140 1141 1213 quia
1161 1139 1408 1212 perdidit
1423 1141 1585 1197 illum

417 1228 622 1285 panem
647 1228 846 1269 verum
869 1228 981 1284 quo
1009 1212 1394 1281 reficiebatur,
1420 1210 1585 1268 Chri-

418 1288 570 1341 stum
624 1284 857 1353 scilicet,
906 1283 1006 1355 qui
1056 1284 1192 1340 dicit
1239 1300 1255 1339 ι
1295 1286 1411 1355 Ερο
1463 1298 1586 1338 sum

409 1358 581 1438 panis
607 1358 788 1425 vivus,
820 1357 920 1426 qui
954 1355 1023 1410 de
1054 1356 1182 1411 coelo
1211 1353 1495 1423 descendi3
1527 1360 1587 1410 et

418 1426 742 1483 incenditur
775 1442 877 1507 per
914 1430 1296 1496 contemptum
1324 1431 1586 1481 terreno-

414 1512 542 1554 rum
579 1503 638 1554 et
683 1497 1021 1553 desiderium
1058 1511 1454 1568 supernorum.
1499 1496 1586 1551 Ad

418 1568 591 1625 talem
617 1570 868 1626 animam
888 1571 1042 1624 venit
1065 1583 1232 1624 verus
1249 1566 1398 1623 Elias
1417 1567 1586 1623 Chri-

421 1644 562 1705 stus,
604 1647 665 1697 ut
699 1655 826 1696 eam
869 1646 1061 1711 pascat
1098 1644 1156 1695 et
1196 1637 1416 1694 reficiat
1457 1653 1586 1694 cum

426 1710 558 1767 filiis
610 1712 757 1776 suis,
803 1709 861 1766 id
913 1714 997 1781 est
1043 1709 1480 1781 cogitationibus
1529 1716 1588 1765 et

426 1780 819 1838 affectionibus
853 1782 986 1837 suis.
1027 1778 1298 1837 Similiter
1333 1781 1587 1836 Naaman

428 1855 599 1925 Syrus
623 1851 905 1923 significat
934 1858 1310 1921 peccatorem,
1338 1867 1404 1905 eo
1433 1851 1586 1921 quod

459 1928 710 1979 eccatum
727 1922 1036 1993 sicutlepra
1048 1922 1262 1978 inficiat
1272 1922 1582 1978 hominem.

476 1994 584 2049 odo
616 1993 779 2049 multi
806 1995 948 2049 tales
969 1998 1102 2049 sunt
1128 1995 1188 2049 in
1212 1995 1460 2063 mundo;
1492 1998 1582 2049 ta·

419 2080 553 2122 men
577 2066 649 2122 ad
676 2064 895 2120 nullum
913 2065 1069 2120 venit
1094 2065 1344 2133 Elisaeus,
1370 2064 1481 2120 nisi
1510 2064 1583 2120 ad

417 2138 670 2195 Naaman
704 2136 928 2210 Syrum.
963 2138 1216 2192 Naaman
1250 2138 1586 2207 interpreta-

420 2212 514 2264 tur
541 2209 784 2278 docorus,
807 2208 896 2264 vel
925 2224 1256 2264 commovens
1281 2223 1384 2275 me,
1410 2209 1583 2279 Syrus

418 2280 693 2347 sublimis,
715 2284 773 2336 et
791 2279 1073 2347 significat
1093 2284 1466 2350 peccatorem,
1483 2279 1585 2348 qui

422 2355 739 2406 commovet
764 2352 1009 2418 seipsum
1031 2366 1131 2419 per
1149 2347 1578 2419 contritionem;

422 2419 601 2475 currit
618 2420 689 2475 ad
710 2420 1035 2487 Jordanem,
1059 2421 1154 2490 qui
1177 2421 1585 2489 interpretatur

419 2492 576 2547 rivus
596 2489 823 2560 judicii,
841 2490 897 2546 id
927 2496 1012 2546 est
1037 2491 1109 2547 ad
1138 2489 1580 2562 consessionem3

421 2569 480 2619 et
508 2562 586 2618 ibi
617 2562 798 2617 induit
833 2561 1033 2634 gratiae
1073 2564 1360 2634 decorem,
1390 2568 1449 2619 et
1485 2579 1587 2633 per

418 2635 528 2690 hoc
570 2633 814 2690 efficitur
855 2633 1132 2705 sublimis,
1171 2635 1305 2705 quia
1339 2651 1440 2706 per
1476 2635 1585 2691 boc

420 2705 673 2761 elevatur
713 2704 788 2760 ad
834 2705 1032 2760 Deum.
1078 2705 1162 2760 Ad
1211 2706 1383 2762 talem
1430 2707 1590 2761 venit

418 2791 586 2832 verus
616 2775 868 2844 Elisaeus,
901 2776 958 2831 id
984 2780 1071 2831 est
1095 2777 1367 2832 Christus.

497 2869 560 2903 ιο
617 2848 931 2903 ΙΝυιαΝΑτιο
993 2864 1355 2904 rum-mmmm
1412 2850 1587 2904 Nm—

417 2934 594 2987 mn;
627 2919 902 2975 Cumsruu
929 2936 1286 2975 ruem-ruti:
1323 2936 1586 2975 ren-ram.

416 3021 488 3032 —
517 2993 589 3046 Et
615 3006 796 3046 omnes
823 2992 884 3045 in
910 3006 1192 3060 synaqoqa
1218 2993 1326 3047 haec
1354 2991 1591 3046 audien-

429 3066 528 3131 tes,
556 3061 769 3117 scilicet
804 3064 954 3133 quod
987 3078 1082 3118 eos
1116 3062 1235 3117 indi
1278 3078 1379 3117 nos
1417 3078 1591 3133 repu-

427 3139 596 3200 taret,
636 3134 784 3189 inter
837 3148 978 3203 quos
1033 3132 1246 3189 miracu
1271 3150 1305 3189 a
1359 3132 1592 3201 faceret,

434 3204 549 3259 indi
595 3205 712 3258 nati
744 3209 876 3258 sunt
901 3208 958 3259 et
984 3206 1182 3276 repleti
1207 3210 1337 3260 sunt
1362 3207 1471 3267 ira.
1499 3202 1597 3275 qui

436 3289 502 3329 ex
522 3274 562 3328 C
607 3273 729 3352 risti
743 3273 1000 3330 doctrina
1013 3274 1301 3347 quiescere
1318 3275 1602 3331 debebant

437 3359 472 3400 a
508 3344 758 3402 malitia..
775 3345 884 3399 Per
906 3346 1043 3401 istos
1068 3347 1467 3419 significantur
1492 3346 1598 3414 illi,

1143 399 1369 453 PRIMAE
1423 396 1655 450 unns
1714 396 1917 448 CAPUT
1971 396 2104 452 wa

1697 505 1980 559 testantur
2007 500 2178 571 facto,
2200 500 2354 558 mala
2380 516 2483 571 pro
2508 502 2677 560 bonis
2704 501 2867 560 retri-

1699 573 1944 630 buendo,
1989 572 2150 630 Unde
2185 577 2573 639 swa-exerunt,
2617 578 2671 630 et
2703 575 2867 630 illum

1699 651 1992 716 tamquam
2026 644 2263 717 dignum
2295 649 2502 713 morte,
2532 649 2694 701 extra
2727 647 2865 701 civi·-

1701 720 1868 771 tatem
1916 730 2075 772 suam
2126 715 2407 772 Nazareth
2455 716 2761 785 ejecerunt,
2807 719 2871 773 ut

1701 786 1860 842 illum
1880 785 2288 843 interficerent.
2310 787 2471 843 Unde
2489 785 2627 844 dicit
2642 787 2873 843 Ambro-

1696 860 1814 914 sius
1853 874 1869 913 ι
1911 879 1941 910 «
1984 859 2108 914 Non
2157 859 2385 926 mirum,
2418 858 2464 913 si
2502 859 2875 939 perdiderunt

1699 928 1960 999 salutem,
1980 926 2169 1000 quide
2196 928 2408 985 finibus
2436 944 2551 985 suis
2578 931 2874 1000 ejecerunt

1701 1000 2073 1057 salvatorem.
2104 998 2377 1056 Dominus
2408 1003 2599 1056 autem
2630 999 2729 1072 qui
2765 999 2871 1056 do·

1700 1075 1896 1127 cuerat
1939 1070 2195 1141 exemplo
2220 1072 2330 1127 asui
2374 1068 2638 1127 omnibus
2676 1069 2873 1127 omnia

1699 1141 1849 1210 fieri,
1879 1158 1986 1199 nec
2018 1142 2271 1198 volentes
2297 1140 2578 1213 repudiat,
2600 1156 2707 1197 nec
2731 1140 2872 1197 invi-

1698 1217 1788 1269 tos
1809 1212 2027 1286 alligat,
2039 1228 2146 1269 nec
2159 1212 2517 1283 ejicientibus
2535 1213 2869 1280 reluctatur,

1695 1299 1803 1340 nec
1829 1284 2162 1354 rogantibus
2189 1284 2369 1341 deest.
2396 1303 2424 1337 »
2454 1283 2726 1341 Subditur
2751 1300 2765 1339 z
2796 1286 2871 1340 Et

1696 1356 1977 1411 duaeenmt
2011 1357 2173 1410 illum
2209 1371 2385 1426 usque
2412 1355 2487 1410 ad
2518 1357 2870 1426 supercilium

1697 1429 1921 1495 montis,
1942 1442 2108 1497 super
2129 1443 2288 1497 quem
2308 1427 2579 1497 aedificata
2603 1431 2720 1482 erat
2745 1427 2872 1482 civi·

1699 1503 1786 1553 tas
1806 1513 2012 1566 eorum,
2035 1502 2099 1553 ut
2113 1500 2524 1570 praecipitarent
2539 1514 2679 1555 eum.
2701 1499 2870 1553 Naza-

1698 1569 1828 1625 reth
1847 1568 2079 1640 quidem
2096 1569 2380 1626 aedificata
2394 1573 2519 1625 erat
2534 1584 2705 1640 super
2719 1582 2877 1623 mon·

1698 1645 1836 1709 tem,
1858 1640 1957 1696 sed
1979 1656 2096 1695 non
2118 1639 2178 1696 in
2198 1639 2512 1709 cacumine,
2533 1639 2689 1695 unde
2715 1642 2874 1695 extra

1703 1709 2013 1779 civitatem,
2033 1712 2103 1766 ad
2130 1726 2405 1767 cacumen
2431 1710 2711 1766 duxerunt
2739 1724 2874 1765 eum

1702 1781 1774 1837 ad
1840 1781 2293 1853 raecipitandum.
2321 1782 2380 1836 ln
2406 1796 2542 1852 quc,
2558 1781 2874 1837 secundum

1699 1797 1926 1934 neniam,
1939 1850 2393 1924 Judaeidiscipuli
2412 1850 2875 1932 pejoresdiabolo
2924 1926 2933 1929 Π

1702 1940 1756 1979 m
1836 1929 1974 1980 1stro
2014 1940 2116 1980 suo
2155 1923 2550 1991 ostenduntur,
2577 1924 2715 1992 quia
2751 1921 2871 1991 llle,

1699 2012 1801 2052 ver
1845 2012 1877 2050 o
1900 1999 2150 2064 tentans,
2177 1993 2259 2051 ait
2285 2012 2300 2050 ι
2326 1997 2484 2050 Mitte
2508 1999 2559 2049 te
2582 1995 2871 2062 deorsum,-

1701 2066 1795 2123 isti
1832 2067 2003 2136 lactc,
2042 2067 2113 2123 de
2147 2064 2450 2138 supercilio
2488 2064 2695 2121 montis
2739 2079 2870 2121 eum

1696 2137 1922 2194 mittere
1938 2143 1996 2193 et
2013 2137 2372 2210 praecipitare
2391 2136 2763 2194 conabantur.
2784 2136 2874 2192 Je-

1697 2225 1793 2266 sus
1815 2213 2004 2265 autem
2031 2208 2235 2264 virtute
2266 2207 2598 2276 divinitatis,
2671 2223 2742 2263 ua
2768 2220 2872 2277 po·

1695 2285 1846 2337 terat
1875 2295 1936 2335 se
1956 2295 2183 2336 servare
2204 2278 2444 2335 illaesum
2466 2294 2616 2349 quan
2658 2294 2691 2333 o
2716 2277 2872 2333 vole·

1697 2351 1813 2419 bat,
1828 2353 2102 2406 transiens
2111 2365 2214 2422 per
2226 2350 2465 2405 medium
2482 2350 2705 2404 illorum
2718 2348 2870 2417 ibat3

1695 2428 1751 2479 et
1788 2421 2080 2478 descendit
2116 2421 2187 2477 de
2224 2425 2420 2477 monte
2454 2435 2571 2475 non
2608 2418 2760 2475 visus
2797 2419 2870 2475 ab

1695 2495 1777 2551 eis
1806 2509 1948 2565 quos
1979 2493 2299 2564 deserebat,
2330 2496 2522 2549 mente
2559 2489 2869 2548 furentium

1700 2566 1892 2624 subito
1922 2582 2023 2635 per
2051 2567 2229 2622 Deum
2260 2569 2477 2621 mutata
2498 2564 2585 2620 vel
2613 2567 2868 2634 obstupe·

1705 2639 1874 2694 sacta.
1916 2637 2140 2693 Etenim
2177 2637 2404 2707 quando
2442 2635 2579 2704 vult,
2609 2636 2867 2706 capitur;

1704 2709 1938 2781 quando
1985 2710 2123 2777 vult,
2170 2707 2410 2776 labitur3
2540 2705 2689 2762 ando
2731 2704 2876 2773 vult,

1701 2779 2099 2851 suspenditur;
2133 2778 2361 2849 quando
2394 2793 2469 2833 vu
2494 2785 2536 2847 t,
2565 2792 2683 2832 non
2716 2780 2877 2832 tene·

1703 2856 1819 2907 tur.
1850 2851 2012 2917 Quod
2033 2850 2254 2922 capitur
2274 2856 2329 2905 et
2358 2853 2585 2905 tenetur
2604 2863 2638 2903 a
2662 2846 2876 2917 paucis,

1701 2921 2009 2978 voluntatis
2033 2929 2152 2990 est;
2182 2920 2333 3003 quod
2359 2936 2394 2976 a
2421 2919 2625 2991 populo
2651 2934 2769 2975 non
2792 2924 2876 2975 te·

1705 2998 1895 3063 netur,
1918 2995 2017 3050 sed
2041 2998 2264 3061 trans1t,
2286 2992 2601 3063 majestatis
2628 2994 2731 3047 est.
2758 2992 2881 3046 Non

1709 3081 1848 3137 ergo
1878 3064 2116 3134 resistit,
2149 3080 2254 3120 nec
2286 3080 2347 3120 se
2374 3062 2643 3130 vindicat,
2674 3062 2880 3117 docens

1708 3135 1884 3193 nosin
1896 3136 2025 3206 hoc,
2042 3143 2226 3192 utnon
2243 3150 2493 3205 quaeram
2502 3149 2565 3188 us
2578 3131 2881 3187 vindictam

1711 3209 1783 3263 de
1795 3205 2189 3277 injuriisnobis
2200 3204 2364 3260 sactis
2380 3220 2393 3271 ;
2409 3203 2508 3258 sed
2519 3201 2883 3283 permedium

1714 3276 2079 3334 inimicorum
2093 3274 2397 3341 transienS,
2412 3288 2579 3329 canes
2598 3273 2731 3327 h1nc
2745 3273 2882 3329 inde

1715 3349 1987 3404 latrantes
2024 3344 2357 3413 contemnit,
2396 3345 2616 3399 malens
2652 3357 2751 3397 eos
2788 3348 2882 3400 sa·

433 3415 530 3542 {⁰³
602 3420 1018 3484 persequuntur
1066 3419 1489 3488 praedicatoreS,
1546 3420 1604 3472 et
1715 3433 1855 3475 nare
1884 3433 2052 3489 quam
2090 3417 2349 3489 perdere,
2384 3421 2449 3471 ut
2478 3416 2756 3470 cassatam
2796 3415 2884 3469 vi-

480 3484 760 3541 efensores
800 3487 1072 3555 veritatis,
1110 3504 1176 3544 eo
1220 3489 1370 3559 quod
1411 3489 1608 3544 dicunt

441 3554 793 3626 displicentia
819 3556 946 3612 illis.
967 3558 1083 3614 Hoc
1102 3566 1290 3615 autem
1313 3560 1459 3614 sacto
1481 3574 1610 3631 pro·

439 3628 605 3685 batur
632 3627 866 3684 verbum
889 3628 1091 3685 Christi
1114 3631 1266 3700 quod
1293 3631 1506 3686 dictum
1527 3636 1611 3685 est

440 3714 647 3770 supra:
677 3699 819 3766 Quia
854 3716 1008 3757 nemo
1041 3703 1314 3773 Propheta
1345 3707 1425 3758 est
1456 3717 1610 3757 acce-

431 3776 567 3898 Ktus
584 3772 841 3843 inputria
855 3787 977 3829 sua.
1002 3774 1162 3838 Nam,
1181 3788 1306 3829 cum
1328 3772 1611 3841 audirent,

493 3841 716 3898 azareni
747 3845 900 3913 quod
940 3844 1237 3915 Prophetis
1272 3845 1616 3916 Prophetam

438 3927 498 3968 se
534 3913 917 3986 comparabat,
943 3918 1003 3971 et
1032 3915 1184 3986 quod
1215 3931 1310 3971 eos
1336 3921 1407 3972 de
1436 3917 1618 3971 incre-

445 3982 682 4040 dulitate
705 3987 960 4056 notabat,
994 3991 1051 4042 et
1077 3989 1442 4043 devotionem
1471 3984 1619 4046 Gen·

450 4057 610 4114 tium.
642 4070 785 4125 quas
811 4065 874 4113 ut
910 4073 1080 4114 canes
1117 4058 1616 4125 abominabantur,

446 4124 733 4182 devotioni
755 4142 952 4184 eorum
971 4129 1325 4198 praeserebat,
1346 4132 1522 4184 crevit
1534 4144 1621 4183 ze·

449 4195 558 4266 lus,
589 4200 765 4253 crevit
791 4199 898 4267 ira,
933 4204 1110 4256 crevit
1138 4206 1195 4256 et
1221 4198 1451 4257 invidia.
1483 4199 1616 4256 Ideo

453 4268 603 4335 quod
643 4269 922 4325 Dominus
963 4269 1035 4325 de
1073 4272 1156 4326 eis
1186 4268 1405 4327 dixerat
1441 4276 1498 4326 et
1527 4274 1617 4326 te-

1719 3491 1915 3545 dentes
1959 3504 2121 3545 suam
2169 3484 2500 3557 nequitiam,
2541 3482 2746 3540 deinde
2783 3484 2883 3540 de·

1718 3559 1987 3616 sisterent
2022 3561 2095 3616 ab
2130 3560 2254 3631 ejus
2293 3563 2495 3613 morte.
2531 3557 2688 3611 Tunc
2731 3553 2887 3612 enim

1720 3632 1960 3687 evadere
1976 3631 2174 3700 voluit,
2186 3627 2322 3699 quia
2336 3625 2686 3701 poenitentiae
2700 3625 2887 3683 locum

1721 3702 1911 3759 adhuc
1923 3700 2035 3758 illis
2052 3701 2400 3768 reservabat,
2413 3703 2470 3755 et
2485 3700 2617 3769 quia
2631 3697 2888 3754 nondum

1723 3774 1868 3830 hora
1895 3771 2176 3829 Passionis
2204 3772 2324 3853 eius
2343 3775 2596 3839 venerat,
2617 3785 2724 3825 nec
2753 3774 2891 3825 tunc

1726 3843 1787 3901 in
1834 3846 1957 3901 loco
2004 3842 2292 3901 Passionis
2334 3847 2478 3910 erat,
2509 3848 2565 3896 et
2607 3841 2741 3911 quia
2783 3840 2892 3896 hoc

1726 3932 1907 3989 genus
1935 3915 2156 3985 mortis,
2183 3913 2284 3986 qui
2317 3911 2731 3984 crucifigendus
2750 3925 2894 3992 pr3ae3

1729 3988 2116 4057 conizabatur,
2146 4002 2263 4042 non
2286 3985 2554 4056 elegerat.
2586 3981 2893 4062 Adhuc-1121

1730 4058 2049 4115 ostenditur
2074 4059 2255 4127 locus,
2272 4057 2372 4127 qui
2405 4053 2619 4111 dicitur
2640 4067 2895 4134 pra-ncipi-

1729 4127 1871 4185 tium
1916 4138 1973 4185 et
2019 4129 2200 4186 saltus
2240 4124 2487 4195 Domini,
2514 4139 2618 4197 per
2653 4122 2895 4205 milliare

1728 4199 1942 4256 scilicet
1967 4216 2002 4255 a
2030 4201 2328 4268 Nazareth,
2355 4201 2552 4254 contra
2577 4197 2891 4266 Meridlem,

1729 4287 1924 4327 versus
1985 4272 2319 4327 Jerusalem.
2383 4268 2522 4336 Ubi,
2581 4265 2892 4322 secundum

454 4338 710 4393 stabatur
730 4339 927 4410 verbe,
953 4339 1064 4397 hoc
1093 4340 1202 4412 ipsi
1232 4340 1542 4398 ostendunt
1561 4345 1621 4398 et
1726 4343 1966 4410 Bedam,
2014 4356 2143 4397 cum
2192 4338 2469 4397 Dominus
2511 4338 2584 4394 de
2631 4335 2895 4394 manibus
