3146 5023
479 366 534 417 14
1209 362 1423 416 PRIMAE
1477 361 1715 414 PARTIS
1770 355 1979 410 CAPUT
2037 356 2201 409 XLVI

476 469 830 538 intelligatur
878 469 1051 525 arbor
1102 466 1302 535 crucis,
1357 482 1487 521 cum
1539 481 1653 536 qua

477 558 634 599 mare
675 541 841 612 hujus
880 538 1078 595 mundi
1116 539 1494 608 pertransitur
1527 538 1649 592 sine

476 612 745 684 periculis
789 628 804 678 ;
892 611 1163 682 cujusque
1243 607 1519 664 beneficio
1595 613 1652 663 et

476 683 685 741 auxilio
745 681 944 738 fideles
1006 681 1206 752 adjuti,
1272 678 1652 735 transfretatis

477 762 555 811 et·
588 753 821 809 emersis
874 752 1069 808 mundi
1115 751 1400 819 fluctibuS,
1447 765 1649 819 perve-

475 827 643 881 niunt
706 824 779 879 ad
832 824 987 879 littus
1054 829 1111 878 et
1168 827 1389 892 portum
1449 822 1650 891 patriae

476 896 735 953 coelestis.
794 896 949 950 Hanc
1006 893 1326 949 naviculam
1392 892 1650 948 Christus

474 967 535 1023 in
564 968 654 1024 die
687 967 1030 1023 Parasceves
1061 980 1188 1020 cum
1221 962 1510 1033 discipulis
1537 962 1653 1018 suis

476 1039 751 1104 ascendit,
802 1053 905 1107 per
942 1051 1114 1107 quam
1156 1051 1312 1091 mare
1353 1034 1650 1102 praesentis

473 1109 648 1165 seculi
702 1108 983 1170 transivit.
1041 1122 1158 1162 non
1209 1106 1438 1176 quidem
1495 1105 1651 1174 quod

472 1180 577 1249 ipsi
607 1185 744 1235 tunc
789 1180 932 1247 passi
962 1178 1195 1244 fuerint,
1224 1176 1323 1232 sed
1356 1175 1489 1246 quia
1515 1183 1651 1230 tunc

468 1251 550 1307 eis
577 1250 895 1319 exemplum
922 1249 1173 1320 patiendi
1212 1247 1460 1317 reliquit.
1491 1247 1650 1302 Unde

469 1322 790 1377 ascendente
851 1336 910 1376 eo
975 1323 1038 1375 in
1095 1320 1243 1374 hanc
1306 1319 1647 1388 naviculam,

467 1396 640 1448 secuti
679 1396 810 1448 sunt
838 1408 981 1460 eum,
1015 1390 1151 1462 quia
1192 1404 1391 1445 omnes
1423 1388 1492 1446 ad
1525 1393 1649 1443 tor-

470 1469 672 1519 menta
721 1470 778 1520 et
816 1477 992 1533 usque
1029 1461 1102 1517 ad
1147 1466 1386 1516 mortem
1421 1460 1653 1515 suerunt

470 1549 599 1589 eum
643 1539 835 1605 postea
880 1533 1107 1590 imitati.
1144 1531 1280 1587 Cum
1324 1547 1461 1602 ergo
1495 1530 1654 1586 Chri-

469 1611 587 1661 stus
625 1606 683 1660 in
707 1620 874 1660 cruce
914 1605 1126 1674 positus
1164 1602 1376 1666 fuisset,
1415 1617 1651 1670 maynus

468 1680 647 1731 motus
671 1677 730 1731 in
752 1676 898 1731 mari
923 1677 1110 1742 sactus
1139 1677 1238 1736 est,
1271 1673 1403 1744 quia
1430 1678 1650 1728 mentes

471 1746 877 1817 discipulorum
908 1751 1078 1799 motae
1116 1749 1267 1810 sunt,
1300 1745 1434 1815 quia
1463 1759 1498 1799 a
1529 1749 1648 1798 sta-

471 1817 691 1872 bilitate
720 1814 853 1870 fidei
883 1820 1241 1883 corruerunt,
1263 1820 1435 1870 terrae
1463 1819 1649 1869 motus

470 1902 709 1959 magnus
737 1886 917 1942 factus
946 1891 1051 1955 est,
1077 1891 1247 1957 petrae
1273 1888 1456 1941 scissae
1477 1889 1647 1940 sunt:

472 1963 530 2014 et
558 1963 747 2014 cetera
787 1957 953 2028 signa
993 1973 1120 2028 quae
1151 1962 1287 2012 tunc
1314 1957 1465 2013 facta
1493 1960 1647 2026 sunt,

474 2029 550 2084 ita
593 2030 748 2101 quod
784 2029 1047 2085 navicula
1085 2033 1286 2099 operta
1333 2034 1416 2084 cst
1461 2027 1647 2082 flucti-

470 2099 596 2170 buS,
629 2101 764 2174 quia
784 2105 906 2155 tota
941 2100 1023 2155 vis
1056 2098 1471 2169 persecutionis
1499 2100 1649 2154 circa

472 2186 699 2228 crucem
746 2171 953 2227 Christi
1000 2172 1127 2240 fuit,
1177 2176 1234 2225 et
1272 2175 1488 2226 mentes
1533 2184 1653 2225 om-

470 2241 632 2298 nium
655 2249 855 2299 contra
884 2243 1062 2312 ipsam
1089 2243 1463 2311 fluctuabant,
1493 2248 1550 2297 et
1572 2240 1651 2296 fa-

472 2318 562 2368 cta
587 2320 698 2368 -est
742 2328 875 2368 crux
923 2313 1131 2369 Christi
1167 2313 1376 2369 Judaeis
1412 2312 1650 2368 scanda-

460 2383 607 2452 lum,
656 2383 918 2440 Gentibus
987 2389 1170 2440 autem
1213 2385 1479 2440 stultitia.
1530 2383 1649 2439 Sed

471 2453 621 2510 inter
639 2454 743 2510 has
767 2456 1175 2513 commotiones
1193 2455 1310 2526 ipse
1331 2454 1650 2510 dormiebat

467 2524 533 2581 in
561 2543 728 2583 cruce
765 2527 1086 2590 moriendo,
1121 2528 1255 2597 quia
1304 2542 1468 2582 suum
1510 2526 1649 2582 dor·

468 2597 615 2654 mire
648 2598 757 2654 hoc
788 2598 914 2654 loco
944 2598 1087 2654 mori
1124 2603 1226 2654 est.
1258 2598 1517 2653 Excitant
1552 2613 1650 2653 au-

467 2671 585 2724 tem
639 2668 898 2739 discipuli
944 2669 1269 2737 Dominum,
1331 2669 1466 2724 dum
1522 2672 1644 2724 tur-

467 2739 588 2797 bati
651 2747 843 2796 mente
909 2738 1169 2796 maximis
1233 2738 1646 2795 desideriorum

465 2811 812 2868 clamoribus
875 2810 1352 2867 resurrectionem
1421 2809 1642 2882 efflagi-

462 2888 609 2953 tant,
640 2884 892 2940 dicentes
919 2901 934 2940 ε
964 2883 1138 2941 Salva
1156 2898 1273 2951 nos,
1292 2882 1643 2954 resurgendo

461 2970 497 3011 a
541 2957 801 3026 mortuiS‚
840 2955 976 3027 quia
1022 2956 1294 3025 perimus,
1336 2953 1638 3024 perturba-

370 3054 373 3058 >
459 3026 616 3084 tione
673 3032 785 3084 tuae
835 3024 1056 3083 mortiS.
1097 3025 1226 3095 Ipse
1263 3041 1400 3081 vero
1448 3040 1639 3080 resur-

459 3112 621 3169 gcnS,
642 3104 699 3154 et
718 3113 819 3169 per
840 3100 1315 3155 resurrectionem
1343 3094 1639 3166 excitatuS,

457 3169 642 3238 primo
688 3169 947 3237 increpat
1000 3166 1402 3236 discipulorum
1453 3166 1637 3222 modi-

455 3253 582 3293 cam
621 3237 795 3294 fidem
825 3260 839 3296 ε
896 3237 1030 3310 quia
1057 3238 1418 3308 eoeprobravit
1465 3239 1640 3293 incre-

454 3308 749 3365 dulitatem
792 3323 978 3365 eorum
1015 3312 1068 3364 et
1107 3310 1379 3363 duritiam
1425 3308 1632 3367 cordis.

452 3380 609 3434 Tunc
655 3380 826 3435 etiam
876 3382 1175 3452 imperavit
1236 3382 1432 3449 ventiS,
1501 3378 1636 3451 quia

446 3448 666 3505 >diaboli
697 3450 1024 3521 superbiam
1061 3450 1301 3519 stravit;
1333 3451 1636 3520 imperavit

446 3523 504 3579 et
557 3523 726 3591 mari,
775 3522 910 3593 quia
962 3522 1250 3578 vesaniam
1305 3521 1632 3578 Judaeorum

447 3592 795 3663 compescuit
811 3608 828 3663 ;
864 3597 917 3648 et
952 3594 1107 3661 facta
1134 3597 1215 3648 est
1245 3593 1633 3663 tranquillitas

446 3678 671 3734 maana,
709 3670 766 3720 et
795 3665 1109 3721 consolatio
1142 3681 1158 3720 ι
1190 3665 1346 3735 quia,
1387 3665 1505 3719 visa
1534 3679 1627 3720 re-

443 3734 819 3805 surrectione,
893 3737 1103 3792 sedatae
1191 3742 1324 3790 sunt
1408 3740 1629 3792 mentes

445 3805 855 3877 discipulorum
915 3813 973 3863 et
1029 3806 1257 3880 gavisae.
1325 3806 1436 3862 Nos
1489 3821 1626 3862 vero

442 3877 703 3934 homines
736 3879 992 3935 videntes
1020 3881 1143 3935 haec
1171 3878 1385 3948 omnia,
1409 3883 1468 3934 et
1488 3893 1624 3949 cog-

440 3955 739 4006 noscentes
782 3950 1064 4007 dicimus:
1127 3951 1322 4019 Qualis
1373 3955 1454 4006 est
1508 3950 1619 4020 hic,

441 4023 498 4075 et
542 4028 788 4091 quantus
832 4020 862 4081 ?
909 4023 1180 4094 Discipuli
1229 4037 1388 4093 ergo,
1431 4020 1622 4078 idest

436 4088 697 4146 homines
740 4093 960 4159 fideleS,
1006 4094 1220 4150 debent
1268 4109 1399 4149 eum
1426 4091 1614 4163 sequi,

431 4159 591 4231 juxt-a
638 4161 820 4221 illud:
873 4164 939 4221 Si
994 4166 1121 4233 quis
1168 4165 1290 4220 vult
1342 4168 1474 4236 post
1526 4178 1616 4217 me

433 4232 639 4301 venire,
678 4233 909 4303 abneqet
947 4238 1320 4306 semetipsum,
1360 4243 1414 4294 ec
1443 4235 1611 4292 tollat

434 4314 645 4358 crucem
666 4317 849 4376 suam,
876 4309 929 4362 et
953 4313 1224 4376 sequatur
1246 4321 1354 4365 me.

1835 467 1868 517 6
1907 466 2282 519 Tnopommcn
2324 481 2492 520 'rvrus
2531 483 2627 520 nsr
2671 483 2945 523 roem-rexv-

1762 551 1881 589 ·r1AE·.
1945 564 2013 576 —
2067 535 2137 590 Et
2191 536 2326 604 quia
2381 551 2481 605 per
2546 538 2948 605 poeniten'tia'm

1763 606 2005 661 maxime
2040 621 2174 661 crux
2201 607 2442 674 tollitur,
2473 607 2601 663 ideo
2635 609 2807 664 etiam
2825 612 2947 665 tro-

1753 676 2021 748 pologice
2063 694 2164 733 seu
2217 678 2514 735 moraliter
2561 695 2665 749 per
2701 679 2944 736 navicu-

1764 746 1878 802 lam
1918 748 2252 817 poenitentia
2282 749 2633 820 designatur,
2671 752 2804 819 quia
2838 767 2949 821 per

1764 818 1940 887 ipsam
1967 819 2138 874 homo
2165 821 2235 876 ad
2270 826 2494 891 portum
2527 821 2733 893 salutis,
2756 821 2939 877 dedu-

1764 888 1910 944 citur
1940 908 1954 959 3
1991 895 2047 945 et
2085 892 2429 962 quicumque
2458 897 2616 948 extra
2634 892 2796 948 istam
2833 907 2940 949 na-

1763 961 2005 1017 viculam
2055 959 2319 1018 inventus
2365 962 2557 1031 fuerit,
2605 963 2675 1018 ad
2709 968 2944 1033 portum

1761 1031 1961 1087 salutis
2020 1047 2135 1088 non
2197 1034 2513 1103 perveniet,
2582 1034 2683 1088 sed
2749 1034 2941 1104 ipsum

1763 1103 1915 1157 unda
1953 1103 2247 1160 infernalis
2284 1104 2554 1162 involvet.
2596 1104 2727 1161 Ideo
2766 1104 2945 1176 signi-

1762 1172 1934 1254 ficata
1979 1180 2063 1230 est
2110 1190 2212 1244 per
2255 1189 2448 1230 arcam
2489 1178 2626 1242 Noe,
2678 1177 2811 1246 quia
2852 1174 2942 1232 illi

1762 1258 1859 1313 qui
1887 1260 2013 1300 eam
2036 1247 2415 1301 ascenderunt
2437 1246 2668 1302 fuerunt
2691 1247 2894 1302 salvati
2926 1264 2943 1314 ς

1761 1315 1861 1384 qui
1905 1332 2040 1373 vero
2085 1332 2203 1373 non
2253 1319 2653 1387 ascenderunt,
2702 1318 2940 1374 fuerunt

1759 1386 2059 1444 submersi.
2088 1391 2247 1444 Tunc
2273 1393 2467 1445 autem
2503 1390 2664 1445 Jesus
2695 1389 2937 1445 navicu-

1761 1457 1875 1512 lam
1910 1459 2053 1514 hanc
2092 1460 2366 1525 ascendit,
2410 1462 2639 1531 quando
2679 1460 2804 1530 quis
2840 1475 2937 1516 sa-

1761 1528 1893 1583 lutis
1909 1545 2026 1585 suae
2040 1530 2239 1587 avidus
2259 1531 2649 1601 poenitentiam
2677 1532 2938 1602 assumit,
2974 1562 2980 1567 ·

1761 1606 1819 1655 et
1857 1616 2006 1670 saepe
2038 1602 2316 1674 contingit
2347 1603 2502 1673 quod
2540 1603 2767 1674 quando
2808 1600 2940 1674 quis
2984 1658 2996 1666 ,

1764 1671 2154 1740 poenitentiam
2181 1674 2434 1744 inchoat,
2463 1675 2650 1745 gravis
2692 1674 2936 1729 tentatio

1761 1758 1893 1798 cum
1925 1744 2131 1815 pulsat,
2165 1761 2269 1800 nec
2299 1746 2449 1801 Deus
2483 1748 2666 1816 ipsum
2706 1745 2935 1815 liberat,

1759 1814 1860 1869 sed
1891 1815 2167 1871 auxilium
2194 1816 2498 1885 subtrahit,
2527 1815 2655 1872 ideo
2678 1830 2937 1872 recurre-

1760 1900 1823 1939 re
1851 1885 2020 1940 debet
2051 1887 2124 1942 ad
2156 1903 2286 1943 eum
2327 1903 2429 1957 per
2447 1888 2769 1943 ferventem
2802 1902 2939 1943 ora·

1759 1956 2001 2025 tionem,
2029 1961 2088 2012 et
2113 1962 2230 2014 tam
2252 1963 2685 2028 perseveranter
2702 1959 2934 2028 instare,

1763 2026 1944 2082 donec
1995 2028 2262 2099 impetret
2304 2029 2430 2085 Dei¹
2473 2029 2927 2089 miserationem.

1762 2099 1941 2154 Tanta
1973 2102 2166 2155 autem
2207 2099 2394 2171 gratia
2424 2116 2574 2170 saepe
2617 2116 2749 2155 eum
2795 2115 2937 2156 con-

1759 2170 2039 2240 sequitur,
2070 2173 2224 2242 quod
2251 2171 2374 2242 ipse
2397 2172 2570 2227 etiam
2592 2170 2652 2226 in
2682 2170 2934 2228 admira-

1760 2241 1976 2296 tionem
2029 2243 2325 2300 excitatur.
2381 2242 2561 2312 Unde,
2619 2242 2936 2301 secundum

1756 2312 1984 2382 Bedam,
2017 2328 2147 2369 cum
2177 2315 2340 2385 signo
2389 2312 2698 2369 Dominicae
2747 2314 2935 2372 crucis

1759 2383 1966 2439 imbuti
2002 2385 2259 2441 seculum
2303 2384 2631 2455 relinquere
2682 2386 2932 2456 disponi-

1759 2469 1905 2525 mus,
1967 2470 2171 2511 navem
2229 2471 2359 2513 cum
2414 2457 2549 2511 Jesu
2606 2458 2938 2515 conscendi·

1762 2541 1908 2598 muS,
1965 2540 2124 2583 mare
2175 2528 2421 2584 transire
2466 2542 2765 2586 conamur.
2826 2531 2933 2598 Qui

1759 2597 1914 2653 enim
1952 2599 2244 2672 abnegans
2288 2599 2637 2669 impietatem
2674 2606 2733 2657 et
2768 2616 2933 2660 secu-

1756 2668 1901 2725 laria
1931 2668 2212 2725 desideria
2238 2668 2523 2742 crucifigit
2547 2673 2807 2729 membra
2828 2689 2933 2732 sua

1757 2755 1888 2795 cum
1934 2738 2085 2795 vitiis
2123 2746 2181 2796 et
2209 2740 2709 2813 concupiscentiiS‚
2744 2749 2801 2800 et
2839 2747 2933 2802 cui

1756 2809 2060 2867 crucifixus
2081 2816 2163 2866 est
2191 2812 2441 2869 mundus
2467 2818 2526 2869 et
2551 2812 2668 2884 ipse
2689 2816 2930 2889 munde,

1754 2882 1918 2953 quasi
1946 2898 2077 2937 cum
2105 2883 2345 2940 Domino
2371 2899 2575 2940 navem
2593 2887 2928 2958 ascendens,

1753 2968 1912 3010 mare
1932 2953 2102 3025 hujus
2131 2954 2309 3010 seculi
2337 2955 2582 3011 transire
2609 2955 2924 3031 desiderat;

1751 3025 1852 3081 sed
1889 3025 2053 3080 nobis
2090 3024 2511 3097 navigantibu5‚
2557 3028 2719 3097 quasi
2780 3029 2932 3087 inter

1750 3095 2000 3167 aequoris
2024 3095 2285 3153 fremitus
2304 3097 2593 3153 obdormit
2623 3100 2928 3174 Dominus,

1743 3168 1980 3239 quando
2025 3168 2417 3223 crebrescente
2464 3168 2553 3224 vel
2599 3170 2926 3230 immundo-

1747 3254 1879 3296 rum
1907 3238 2237 3309 spirituum,
2269 3239 2358 3294 vel
2382 3239 2683 3297 hominum
2717 3257 2928 3312 pravo-

1745 3325 1896 3377 rum,
1960 3310 2047 3365 vel
2110 3314 2439 3366 nostrarum
2503 3312 2922 3384 cogitationum

1745 3381 1985 3453 impetu,
2012 3380 2146 3436 fidei
2173 3381 2445 3451 splendor
2470 3382 2922 3459 obtenebrescit,

1742 3454 1859 3524 spei
1924 3452 2203 3507 celsitudo
2268 3452 2640 3524 contabescit,
2708 3460 2924 3515 amoris

1741 3524 1975 3580 flamma
2001 3522 2360 3594 refrigeseit3
2394 3525 2495 3579 sed
2522 3529 2661 3581 tunc
2688 3528 2761 3583 ad
2811 3529 2926 3585 Do-

1740 3597 1962 3652 minum
2007 3608 2394 3664 recurramuS,
2444 3600 2730 3666 quatenus
2780 3604 2923 3657 tem-

1733 3672 2019 3736 -pestatem
2062 3671 2404 3745 compescat,
2433 3668 2919 3738 tranquillitatem

1737 3737 2026 3800 refundat,
2054 3739 2111 3791 et
2134 3735 2302 3793 nobls
2332 3740 2562 3808 portum
2597 3740 2799 3799 salutis
2823 3742 2918 3800 in-

1739 3807 1989 3879 dulgeat.
2269 3859 2270 3862 ,

1806 3902 1838 3951 7
1877 3883 2195 3941 Monuni-nn
2232 3902 2401 3945 ‘rrpus
2438 3903 2533 3944 nsi·
2562 3904 2742 3945 amna:
2770 3904 2917 3945 mnn-

1732 3966 1835 4032 14s.
1867 3980 1935 3994 ·-
1979 3955 2171 4011 Potest
2207 3959 2381 4015 etiam
2438 3960 2609 4015 aliter
2653 3961 2917 4030 tropolo-

1731 4037 1859 4094 gice
1911 4037 2011 4079 seu
2068 4029 2365 4086 moraliter
2412 4031 2639 4100 exponi,
2697 4037 2762 4085 ut
2815 4045 2922 4102 per

1727 4094 2050 4175 naviculam
2081 4098 2435 4172 intelligatur
2471 4102 2743 4172 quaelibet
2770 4100 2916 4159 fide-

1726 4163 1795 4246 lis
1821 4181 2016 4223 amma
2042 4190 2061 4249 ‚²
2092 4169 2216 4226 haec
2254 4172 2520 4240 navicula
2560 4173 2706 4229 mari
2747 4186 2918 4244 expo·

1722 4242 1902 4319 nitur,
1958 4253 2093 4309 quia
2136 4243 2363 4312 corpori
2415 4240 2716 4314 sociatur3
2773 4259 2912 4302 vere

1723 4322 1875 4365 enim
1902 4323 2108 4383 corpus
2137 4318 2403 4372 nostrum
2440 4328 2601 4372 mare
2632 4322 2740 4388 est,
2771 4316 2913 4387 quia
