3146 5023
425 378 492 434 28

443 487 616 543 homo
643 486 858 544 habere
882 502 985 556 pro
1005 485 1171 556 culpa
1187 501 1306 543 sua.
1334 489 1408 542 Et
1427 488 1611 554 tetiqit

441 558 723 628 fimbriam
757 558 1066 614 vestimenti
1092 557 1229 627 ejus,
1274 573 1387 612 non
1426 558 1607 612 solum

443 633 599 685 tactu
655 627 936 700 corporali
969 670 984 697 ,
1045 629 1144 684 sed
1201 633 1257 683 et
1310 627 1608 683 devotione

444 698 601 767 fidei,
632 697 691 754 in
731 715 847 769 quo
885 699 1170 755 laudanda
1200 703 1283 753 est
1321 698 1611 754 humilitas

446 771 586 840 ejus,
618 770 751 840 quia
770 769 1059 841 indignam
1087 785 1147 824 se
1165 769 1464 839 reputabat
1479 776 1608 824 tan-

449 854 583 911 gere
611 841 782 910 pedes
809 840 1052 908 Domini,
1088 840 1177 895 vel
1201 839 1610 909 plenitudinem
1633 845 1638 850 “

445 912 787 967 vestimenti.
842 910 1098 966 Habebat
1156 911 1308 966 enim
1354 910 1613 966 Christus

448 979 706 1037 fimbrias
716 983 875 1052 juxta
899 980 1364 1037 consuetudinem
1382 982 1412 1035 J
1418 981 1611 1036 udaeo-

446 1065 598 1120 rum,
651 1052 962 1107 secundum
1024 1052 1189 1124 Legis
1242 1056 1607 1121 praeceptum.

447 1121 591 1178 Ecce
630 1123 764 1194 quia
799 1138 914 1178 non
951 1122 1200 1178 habebat
1235 1123 1508 1179 Dominus
1530 1123 1615 1193 ja-

444 1192 677 1257 nitores,
705 1193 793 1248 vel
813 1194 1130 1263 stipatoreS,
1158 1210 1257 1249 seu
1289 1194 1627 1262 masserios,'

443 1277 551 1318 nec
584 1264 831 1335 aliquem
870 1265 966 1335 qui
1002 1266 1441 1334 comprimentes
1477 1279 1608 1319 eum

432 1332 780 1401 verberaret,
812 1335 938 1390 ideo
997 1334 1175 1390 libere
1212 1335 1419 1390 mulier
1448 1350 1607 1390 acce-

437 1402 539 1473 dit,
571 1409 629 1460 et
654 1405 837 1462 turbae
863 1405 1263 1476 comprimunt.
1297 1407 1400 1461 Ubi
1431 1408 1611 1462 Remi·

440 1476 571 1542 qius
598 1493 616 1530 ε
640 1477 734 1531 «In
753 1491 864 1547 quo
880 1476 1021 1531 fides
1049 1476 1217 1548 hujus
1241 1476 1496 1532 mulieris
1512 1477 1610 1531 ad-

377 1550 382 1554 ’
436 1545 699 1602 miranda
727 1548 979 1618 est,quia
993 1547 1301 1618 desperans
1321 1548 1391 1603 de
1424 1547 1605 1602 salute

436 1618 811 1688 medicorum,
854 1620 912 1674 in
942 1633 1083 1688 quos
1114 1633 1216 1673 sua
1249 1622 1605 1689 erogaverat,

445 1686 724 1743 intellexit
758 1689 1039 1744 coelestem
1077 1689 1269 1744 adesse
1300 1689 1603 1757 medicum,

438 1762 495 1812 et
524 1757 581 1812 in
604 1775 673 1813 eo
702 1763 877 1814 totam
909 1773 1066 1813 suam
1086 1756 1458 1813 intentionem
1487 1758 1607 1813 col·-

436 1825 665 1896 locavit,
699 1833 756 1882 et
792 1828 921 1883 ideo
952 1827 1159 1883 salvari
1210 1828 1542 1898 promeruit.
1575 1846 1605 1881 »

435 1896 596 1953 Unde
616 1903 672 1954 et
681 1899 940 1955 Rabanus
958 1899 1192 1954 :«Docet
1209 1899 1414 1954 mulier
1434 1914 1609 1970 quan·

438 1972 560 2022 tum
593 1969 666 2024 sit
692 1985 895 2041 corpus
932 1969 1159 2038 Christi,
1205 1970 1356 2039 quod
1387 1971 1446 2025 in
1475 1970 1605 2025 fim-

445 2037 572 2093 bria
595 2045 813 2096 tantam
847 2042 1256 2097 demonstravit
1280 2056 1400 2096 esse
1425 2042 1606 2096 virtu·

439 2111 577 2164 tem.
612 2110 756 2178 Quid
777 2127 912 2183 ergo
939 2127 1044 2168 nos
1067 2127 1298 2183 sperare
1314 2111 1605 2177 debemuS,

434 2179 537 2250 qui
572 2196 688 2237 non
735 2183 920 2238 solum
974 2183 1190 2254 Corpus
1249 2183 1607 2238 Dominicum

438 2253 841 2324 contingimus,
868 2254 968 2309 sed
994 2253 1326 2309 conficimus
1356 2260 1412 2308 et
1436 2255 1610 2309 sumi-

436 2320 609 2378 mus?
651 2323 752 2379 Illa
790 2325 1019 2395 quidem
1058 2324 1400 2379 medicinam
1440 2341 1607 2380 acce-

439 2390 527 2461 pit
551 2408 617 2447 ex
655 2395 888 2449 vulnere
923 2411 938 2449 t
978 2410 1062 2449 vae
1104 2394 1216 2449 illis
1257 2394 1462 2464 quibus
1486 2395 1609 2465 ipsa

438 2462 722 2520 medicina
741 2465 802 2520 in
827 2465 1031 2521 vulnus
1051 2464 1428 2522 convertitur!
1455 2484 1483 2519 »
1512 2469 1610 2522 Di-

437 2534 595 2591 cebat
629 2539 773 2591 enim
810 2539 962 2592 intra
991 2552 1069 2601 se,
1110 2536 1351 2592 firmiter
1394 2537 1609 2594 scilicet

444 2608 726 2662 credendo
768 2630 781 2664 ε
823 2609 888 2664 Si
924 2610 1148 2676 tetiqero
1192 2612 1405 2664 tantum
1436 2612 1608 2664 vesti-

441 2682 684 2733 mentum
737 2678 877 2748 ejus,
911 2679 1094 2734 *salva
1152 2678 1224 2734 ab
1277 2679 1618 2735 infirmitate¹

444 2761 575 2803 mea
603 2764 728 2816 ero,
776 2764 892 2805 non
943 2750 1077 2820 quia
1119 2750 1455 2804 vestimenta
1501 2751 1605 2805 ali-

443 2832 619 2888 quam
675 2820 943 2876 virtutem
1003 2820 1241 2876 sanandi
1296 2820 1605 2890 habebant,

443 2890 543 2945 sed
575 2889 709 2960 quia
757 2907 861 2962 per
907 2891 1017 2947 hoc
1070 2891 1391 2946 declaratur
1424 2892 1608 2947 virtus

440 2957 693 3030 illorum,
754 2977 997 3032 quorum
1066 2963 1402 3018 vestimenta
1454 2968 1605 3017 sunt.

436 3030 698 3103 Tangens
736 3040 949 3102 autem,
979 3036 1264 3102 confestim
1292 3036 1372 3087 est
1407 3038 1608 3089 sanata

443 3115 478 3155 a
499 3105 674 3172 playa
699 3119 802 3158 sua
826 3124 846 3172 ,-
877 3108 934 3159 et
955 3111 1040 3159 est
1060 3102 1310 3159 notabile
1335 3104 1489 3174 quod
1518 3120 1609 3159 ac-

447 3174 632 3242 cessit,
663 3176 940 3228 accedens
976 3173 1134 3243 dixit,
1174 3172 1364 3229 dicens
1394 3175 1603 3246 tetigit,

442 3245 683 3313 tangens
742 3244 1094 3299 curationem
1160 3242 1415 3315 accepit;
1472 3246 1608 3315 quia

444 3309 534 3366 his
556 3313 755 3381 tribus,
809 3313 1025 3368 scilicet
1059 3331 1072 3371 :
1134 3313 1328 3384 verbo,
1376 3314 1510 3381 fide,
1551 3321 1609 3371 et

446 3395 641 3451 opere,
669 3383 853 3438 omnis
877 3384 1027 3438 salus
1053 3385 1389 3453 acquiritur.

515 3456 549 3507 5
581 3453 786 3509 Sensus
838 3470 1164 3516 omasi-mum
1202 3453 1422 3510 Cnmsn
1459 3472 1607 3512 scum

443 3538 704 3579 Vomanus
742 3541 865 3587 Quis
917 3541 1024 3580 auu
1080 3540 1377 3581 TETIGERIT.
1430 3555 1499 3567 -
1535 3531 1609 3583 Et

438 3608 758 3663 coquo-scens
793 3598 948 3651 Jesus
977 3598 1254 3661 virtutem,
1290 3612 1412 3666 quae
1453 3601 1605 3654 emie-

432 3669 527 3721 ναι
559 3666 782 3736 deillo,
810 3668 994 3723 aiebat
1022 3686 1040 3722 ε
1072 3668 1206 3734 Quis
1240 3683 1325 3722 me
1370 3672 1553 3739 teti9it
1575 3673 1605 3725 P

435 3737 560 3793 Non
598 3739 805 3809 quaerit
841 3753 908 3793 ex
946 3739 1270 3811 ignorantia
1296 3745 1358 3794 ut
1396 3741 1600 3797 docea-

434 3812 564 3877 tur;
594 3810 695 3865 sed
734 3814 795 3865 ut
833 3809 1037 3865 mulier
1087 3816 1287 3867 sanata
1326 3812 1603 3868 confitea-

434 3883 550 3948 tur,
597 3886 655 3935 et
706 3896 806 3950 per
862 3880 1276 3937 confessionem
1330 3889 1603 3953 appareat

438 3948 579 4005 fides
605 3951 654 4021 ej
664 3966 746 4021 uS‚
766 3955 823 4006 et
848 3967 883 4006 a
908 3951 1128 4008 Christo
1148 3956 1599 4018 commendetur,

432 4024 555 4077 tum
624 4028 817 4092 ropter
861 4022 1114 4080 mulieris
1163 4025 1455 4095 meritum,
1498 4041 1601 4096 per

433 4037 708 4147 humffem
737 4093 1165 4164 consessionem,
1207 4101 1330 4151 tum
1369 4103 1602 4166 propter

437 4162 781 4219 adstantium
820 4164 1277 4231 aedificationem,
1314 4171 1435 4221 tum
1468 4182 1598 4237 pro-

435 4236 565 4304 pter
593 4234 693 4289 Dei
729 4235 955 4291 laudem
1000 4241 1057 4291 et
1084 4237 1598 4308 glorificationem,

443 4310 566 4358 tum
596 4311 825 4376 propter
848 4321 1004 4377 spem
1027 4306 1471 4380 Archisynagogi
1497 4324 1599 4365 au-

1125 380 1352 432 PRIMAE
1405 380 1655 455 PA'rRIS
1709 380 1921 433 CAPUT
1974 377 2171 430 XLIX.

1716 484 1980 557 gendam,
2012 489 2068 538 et
2121 483 2243 554 ejus
2294 482 2364 538 de
2411 482 2709 538 sanatione
2749 480 2885 539 filiae
2985 466 2988 467 ⁷

1717 571 1832 611 suae
1885 554 2380 610 assecurationem.
2443 553 2512 607 Et
2566 553 2887 609 dicentibus

1718 625 2004 696 discipulis
2034 625 2206 694 quod,
2238 625 2420 680 turbae
2451 639 2582 680 eum
2634 624 2885 694 compri-

1717 702 1958 765 merent,
1997 696 2134 751 dixit
2168 713 2180 751 :
2236 697 2440 766 Tetiyit
2494 710 2579 749 me
2626 697 2836 764 aliquis
2863 711 2882 747 τ

1716 783 1846 823 nam
1870 773 1927 823 et
1957 783 2051 835 eqo
2090 769 2220 821 novi
2246 768 2507 821 virtutem
2535 766 2604 822 de
2652 782 2736 820 me
2762 768 2886 821 eaei-

1717 840 1845 906 isse,
1873 838 1929 893 id
1968 842 2055 892 est
2080 836 2343 892 effectum
2371 836 2594 892 virtutis
2620 837 2681 891 in
2718 851 2885 892 cura-

1718 907 1874 964 tione
1924 907 2283 964 infirmitatiS.
2320 909 2461 963 Nam
2492 908 2625 963 licet
2673 908 2882 977 turbae,

1718 994 1845 1050 quae
1874 980 1931 1033 in
1948 979 2133 1049 ipsum
2155 994 2272 1049 prae
2290 978 2589 1034 devotione
2611 978 2887 1034 audiendi

1719 1050 2032 1118 irruebant,
2063 1065 2192 1105 eum
2236 1050 2698 1119 comprimerent,
2730 1053 2788 1104 et
2823 1049 2888 1104 in

1718 1120 1818 1175 tali
1845 1135 2110 1191 pressura
2140 1120 2517 1191 corporaliter
2548 1124 2883 1190 tangerent3

1716 1206 1835 1246 non
1865 1196 2058 1246 tamen
2094 1190 2409 1261 tangebant
2450 1206 2579 1247 eum
2621 1206 2748 1246 cum
2780 1190 2886 1245 tali

1718 1261 2016 1317 devotione
2064 1267 2121 1316 et
2170 1261 2303 1330 fide,
2353 1262 2499 1317 sicut
2541 1262 2647 1317 ista
2674 1261 2887 1317 mulier

1715 1333 1982 1403 tetigerat
2000 1349 2018 1401 3
2037 1339 2096 1388 et
2115 1332 2186 1388 de
2211 1333 2310 1387 tali
2335 1338 2489 1388 tactu
2518 1332 2886 1403 singulariter

1717 1402 1990 1459 Dominus
2058 1403 2367 1473 quaerebat.
2435 1403 2641 1460 Videres
2700 1407 2885 1458 autem

1717 1476 1915 1529 mulier
1951 1476 2086 1544 quia
2114 1490 2222 1529 non
2260 1475 2426 1530 latuit
2452 1474 2658 1529 timens
2686 1474 2881 1542 corde,

1718 1550 1775 1599 et
1803 1549 2034 1599 tremens
2056 1560 2292 1616 corpore
2310 1545 2383 1599 ad
2412 1545 2763 1615 majestatem
2790 1543 2884 1598 di-

1717 1616 1985 1681 vinitatis,
2018 1616 2175 1686 cujus
2202 1616 2471 1671 virtutem
2498 1616 2627 1670 inse
2653 1619 2886 1684 experta
2969 1664 2992 1683 ,

1716 1684 1842 1756 fuit,
1874 1688 2043 1754 venit,
2083 1690 2135 1741 et
2173 1686 2415 1757 procidit
2443 1691 2571 1742 ante
2610 1685 2775 1756 pedes
2811 1685 2886 1739 il-

1718 1759 1846 1824 lius,
1874 1762 1926 1815 et
1954 1772 2182 1812 causam
2202 1762 2383 1812 tactus
2403 1773 2470 1812 ac
2501 1757 2882 1825 sanationem,

1718 1843 1899 1883 coram
1943 1830 2091 1882 omni
2131 1829 2336 1899 populo
2384 1828 2675 1898 indicavit,
2710 1826 2885 1883 confi-

1718 1899 1890 1953 tendo
1916 1898 2216 1954 veritatem
2244 1900 2313 1954 de
2345 1899 2661 1970 quantitate
2684 1901 2739 1954 et
2757 1912 2887 1967 pro-

1719 1968 1934 2024 lixitate
1962 1969 2309 2025 infirmitatis
2337 1975 2394 2024 et
2422 1971 2491 2024 de
2521 1970 2885 2039 perceptione

1721 2040 1958 2112 integrae
2000 2041 2291 2109 sanitatis;
2352 2042 2461 2096 hoc
2498 2042 2652 2096 enim
2689 2038 2884 2095 Domi-

1718 2127 1826 2167 nus
1864 2111 1997 2166 sciri
2046 2111 2244 2179 voluit,
2278 2111 2350 2166 ad
2395 2111 2620 2166 laudem
2673 2111 2797 2178 Dei,
2824 2114 2887 2165 et

1719 2181 1962 2237 aliorum
2017 2182 2336 2238 utilitatem.
2395 2182 2506 2237 Sed
2561 2181 2641 2237 ibi
2680 2181 2888 2252 quaerit

1720 2253 2149 2322 chrysostomus,
2168 2268 2345 2324 quare
2359 2252 2537 2323 ipsam
2562 2251 2888 2310 manifestat

1721 2324 1890 2393 Deus,
1923 2339 2052 2379 cum
2090 2324 2214 2394 ipsa
2252 2325 2499 2382 latenter
2536 2323 2886 2380 accesserit?

1718 2394 1787 2463 Et
1835 2394 2203 2466 respondem,
2241 2395 2399 2464 ponit
2424 2395 2497 2450 ad
2525 2394 2633 2450 hoc
2662 2411 2756 2450 sex
2787 2410 2884 2450 ra-

1718 2466 1902 2522 tiones
1931 2482 1945 2521 :
1989 2466 2171 2537 prima
2196 2472 2281 2522 est
2317 2472 2378 2521 ut
2425 2466 2626 2522 mulier
2653 2465 2884 2538 sangui-

1720 2536 1881 2593 naria
1934 2536 2217 2593 Christum
2244 2542 2504 2609 tangenS,
2529 2553 2648 2592 non
2676 2538 2888 2595 babeat

1681 2617 1684 2621 ’
1719 2608 1852 2663 inde
1870 2609 2227 2664 conscientiae
2247 2624 2561 2664 remorsum
2579 2626 2591 2677 ;
2610 2608 2882 2677 secunda,

1719 2685 1783 2733 ut
1806 2679 2102 2734 mulierem
2129 2681 2413 2748 emendet,
2443 2681 2709 2749 quoniam
2735 2680 2886 2735 aesti-

1719 2748 1911 2804 mahat
1951 2749 2059 2804 hoc
2110 2750 2288 2805 latere
2328 2748 2610 2805 Christum
2630 2767 2647 2819 3
2688 2750 2880 2816 tertia,

1719 2825 1784 2875 ut
1821 2819 1995 2875 fidem
2040 2820 2162 2891 ejus
2190 2822 2450 2877 ostendat
2484 2821 2766 2889 omnibuS,
2807 2820 2886 2875 ad

1719 2891 2004 2961 exemplar
2035 2890 2298 2948 celeriter
2316 2891 2619 2962 credendi3
2653 2896 2881 2962 quarta,

1717 2967 1781 3018 ut
1816 2967 2094 3016 monstret
2129 2977 2189 3018 se
2205 2963 2557 3034 cognitorem
2599 2963 2878 3032 omnium3

1719 3033 1937 3103 quinta,
1990 3037 2057 3087 ut
2102 3037 2363 3089 ostendat
2412 3033 2565 3104 quod
2624 3039 2681 3088 ut
2735 3034 2885 3089 Deus

1718 3103 1864 3159 sistit
1912 3104 2203 3172 sanguinis
2239 3104 2489 3172 fluxum3
2521 3109 2694 3172 sexta,
2723 3108 2788 3159 ut
2820 3104 2885 3159 in

1717 3174 1889 3229 fidem
1922 3175 2129 3246 dirigat
2164 3175 2707 3246 Archisynagogum.

1789 3250 1824 3312 4
1850 3245 2254 3302 HAEuommomA
2277 3262 2513 3301 nmums
2543 3262 2784 3301 Priorum
2809 3262 2889 3300 121-

1717 3332 1826 3370 nnn
1857 3332 2158 3374 LAunATun.
2201 3347 2269 3359 --
2297 3317 2377 3373 At
2407 3319 2562 3372 Jesus
2595 3331 2887 3372 conversus

1719 3392 1772 3442 et
1799 3388 1991 3442 videns
2019 3404 2158 3457 eam,
2191 3387 2247 3443 id
2270 3394 2354 3443 est
2373 3388 2691 3458 approbans
2713 3387 2889 3458 ipsius

1719 3457 1913 3528 fidem,
1953 3458 2094 3514 dixit
2136 3458 2220 3514 illi
2251 3475 2266 3515 t
2301 3459 2536 3529 confide,
2567 3460 2708 3528 filia,
2746 3458 2888 3528 fides

1720 3533 1817 3584 tua
1846 3533 1898 3585 te
1938 3531 2151 3585 salvam
2196 3532 2354 3600 fecit,
2401 3531 2459 3585 id
2498 3537 2583 3585 est
2606 3530 2752 3584 hanc
2778 3529 2888 3584 tibi

1717 3600 1959 3656 salutem
1998 3600 2225 3658 meruit.
2261 3601 2401 3657 Cum
2436 3602 2588 3656 enim
2627 3600 2886 3671 operatio

1718 3669 2060 3728 miraculosa
2095 3673 2168 3727 sit
2213 3688 2387 3742 supra
2428 3677 2716 3740 naturam,
2744 3670 2883 3726 fidei

1717 3742 1981 3798 attribuit
2002 3758 2150 3814 eam,
2168 3759 2236 3800 eo
2255 3743 2406 3815 quod
2428 3743 2568 3798 fides
2588 3747 2674 3796 est
2695 3741 2765 3796 de
2793 3740 2888 3796 his

1714 3828 1842 3883 quae
1869 3819 2003 3868 sunt
2029 3830 2199 3885 supra
2225 3821 2507 3871 naturam.
2551 3812 2657 3868 Ubi
2687 3814 2883 3868 Hiero-

1714 3899 1951 3953 nymus:
1986 3904 2016 3938 «
2048 3888 2169 3941 Non
2216 3891 2407 3941 autem
2439 3885 2595 3954 dixit,
2638 3884 2773 3953 quia
2809 3885 2882 4009 {-

1714 3955 1808 4009 des
1834 3960 1931 4011 tua
1958 3960 2011 4011 te
2037 3957 2247 4028 salvam
2283 3957 2499 4012 factura
2528 3961 2630 4020 est,
2644 3955 2743 4010 sed
2759 3969 2824 4009 sa
2854 3984 2884 3994 -

1713 4040 1839 4081 vam
1863 4029 2017 4095 fecit.
2060 4028 2226 4095 Quasi
2250 4028 2465 4083 diceret
2494 4044 2510 4083 ε
2538 4029 2602 4082 ln
2631 4041 2698 4081 eo
2729 4025 2885 4096 quod

1714 4097 2023 4168 credidisti,
2048 4100 2169 4170 jam
2206 4099 2361 4154 salva
2399 4098 2548 4153 sacta
2590 4113 2669 4152 es,
2719 4117 2739 4145 ι
2776 4095 2886 4153 Ubi

1713 4173 1771 4223 et
1799 4170 2206 4238 chrysostomus
2237 4188 2254 4224 ε
2284 4188 2314 4222 «
2345 4169 2487 4236 Quia
2514 4166 2887 4224 formidolosa

1714 4247 1838 4295 erat
1888 4241 2011 4297 haec
2048 4241 2273 4311 mulier,
2311 4248 2539 4311 propter
2575 4241 2683 4296 hoc
2740 4238 2821 4293 ait
2863 4255 2879 4295 ε

1716 4311 1951 4383 Confide,
1993 4315 2050 4369 et
2086 4311 2263 4368 filiam
2292 4326 2419 4368 eam
2461 4309 2620 4369 dicit.
2667 4307 2883 4366 Filiam
