3146 5023
422 416 519 474 298

1124 421 1346 476 PRIMA:
1402 421 1644 474 PARTIS
1699 414 1908 475 CAPUT
1959 416 2208 481 Lxxxx(

430 525 709 611 telligitur
730 526 924 585 divina
947 527 1383 602 sapientia,quae
1416 542 1484 587 ex
1508 528 1628 586 ore'-
1716 527 1840 597 lunt
1855 529 2139 601 accipere.
2177 489 2405 599 Quinto,
2439 531 2503 590 ut
2530 527 2730 587 videat
2756 528 2903 593 iram

431 594 706 657 Altissimi
722 598 934 673 prodiit
950 619 964 670 ;
981 616 1084 673 per
1095 606 1306 658 terram
1323 600 1611 659 autemin-

432 671 711 743 telligitur
734 688 939 741 corpus
967 674 1303 741 humanum,
1338 689 1464 746 quae
1496 673 1607 729 d'uo

434 742 737 800 commixta
786 744 1016 800 suerunt
1062 744 1125 800 in
1175 744 1398 801 Christo
1451 748 1610 813 Jesu,

436 810 650 871 scilicet
683 831 696 871 ε
738 815 987 883 Verbum
1005 820 1302 886 aeternum,
1327 817 1482 888 quod
1506 828 1610 887 per

435 885 694 955 salivam,
738 889 796 942 et
825 899 957 943 caro
996 888 1279 952 humana,
1322 904 1465 959 quoe-
1504 903 1611 959 per

431 962 647 1015 terram
701 952 1053 1029 intelligitur.
1106 960 1174 1014 Et
1223 960 1333 1016 hoc
1380 959 1614 1016 benedis

435 1034 588 1085 ctum
635 1028 817 1085 lutum
859 1035 947 1086 est
994 1029 1311 1088 remedium
1336 1029 1609 1087 caecitatis

432 1104 667 1169 nostroe,
695 1100 742 1157 si
772 1108 967 1159 tamen
998 1118 1170 1175 super
1195 1102 1392 1165 oculos
1421 1100 1609 1158 cordis

436 1170 619 1229 nostri
641 1171 913 1244 liniatur3
951 1175 1104 1245 quod
1135 1174 1203 1229 fit
1231 1173 1458 1246 quando
1486 1189 1610 1244 peo-

432 1248 592 1301 cator
635 1245 709 1301 ad
774 1244 1291 1303 considerationem
1349 1242 1450 1302 Dei
1504 1260 1611 1316 per

434 1320 727 1387 peccatum
776 1316 1001 1386 offensi,
1044 1322 1103 1374 et
1144 1317 1217 1373 ad
1254 1315 1610 1388 recognitio—-

433 1403 565 1443 nem
594 1386 829 1445 vilitatis
863 1404 1001 1458 suae,
1031 1393 1265 1461 propter
1290 1393 1608 1458 peccatum,

435 1458 722 1516 inducitur
769 1475 782 1515 ι
828 1466 962 1516 tunc
1009 1459 1161 1517 enim
1196 1460 1392 1518 nobile
1431 1460 1610 1515 lutum

435 1530 643 1587 Christi
662 1546 832 1603 supra
851 1531 967 1588 vile
985 1532 1161 1589 lutum
1181 1530 1495 1604 peccatoris
1513 1547 1609 1602 po-

436 1602 615 1665 nitur.
632 1619 695 1658 ex
713 1619 824 1675 quo
845 1604 1035 1660 cordis
1048 1605 1403 1674 compunctio
1421 1618 1611 1659 causa·

433 1677 546 1731 tur.
567 1675 844 1731 Proedicto
865 1674 1038 1745 igitur
1053 1676 1169 1733 luto
1192 1692 1293 1732 suo
1314 1680 1447 1731 tunc
1463 1676 1613 1730 Deus

441 1745 627 1802 luteos
658 1746 846 1802 oculos
869 1745 1184 1817 peccatoris
1209 1743 1415 1814 linivit,
1439 1760 1614 1816 quan-

439 1818 512 1873 do
537 1833 667 1873 eum
700 1816 772 1873 ad
816 1816 1330 1873 considerationem
1380 1832 1496 1872 suae
1535 1816 1615 1871 of-

436 1887 633 1953 fensae,
661 1892 717 1943 et
741 1884 976 1943 vilitatis
1006 1886 1242 1958 peccati,
1272 1904 1340 1944 ac
1364 1886 1611 1944 miseriae

435 1957 521 2014 sui
561 1961 740 2014 status
777 1957 1011 2031 instigat
1045 1963 1220 2031 atque
1256 1958 1496 2016 inducit.
1541 1961 1614 2015 Ut

432 2033 625 2086 autem
659 2036 928 2102 peccator
952 2031 1121 2103 plene
1147 2030 1504 2089 illuminetur
1538 2030 1614 2088 ad

438 2107 657 2158 rectam
686 2100 1097 2174 'cogitationem
1128 2110 1184 2160 et
1220 2116 1416 2161 veram
1455 2119 1611 2159 com-

434 2173 823 2245 punctionem,
837 2181 1059 2246 oportet
1074 2175 1224 2247 quod
1238 2192 1305 2232 ex
1316 2174 1499 2247 gratia
1510 2175 1610 2230 Dei

436 2245 759 2303 consideret
778 2254 1004 2318 septem
1038 2247 1356 2318 sequentia.
1397 2245 1610 2313 PrimO,

428 2321 493 2371 ut
520 2313 838 2372 consideret
864 2322 1158 2396 peccatum
1191 2318 1348 2387 quod
1383 2315 1613 2371 commi-

435 2391 526 2450 sit,
552 2391 612 2441 ut
637 2386 811 2454 possit
837 2386 1028 2441 videre
1058 2387 1274 2456 peccati
1301 2384 1612 2445 multitudi-

433 2470 585 2521 nem,
619 2460 675 2510 et
704 2454 1070 2511 omissionem
1085 2455 1241 2525 boni,
1264 2462 1322 2513 et
1341 2454 1607 2511 commis-

434 2526 652 2583 sionem
680 2526 812 2583 mali
834 2526 1200 2597 cogitatione,
1219 2527 1525 2597 locutione,
1551 2531 1610 2585 et

435 2597 763 2670 operatione
797 2597 1046 2671 quinque
1081 2598 1365 2668 sensibus,
1407 2607 1611 2657 contra

437 2670 634 2727 decem
653 2677 1163 2743 praecepta,contra
1178 2675 1395 2743 septem
1426 2687 1610 2728 sacra-

438 2747 654 2808 menta,
686 2741 747 2797 in
783 2741 1051 2815 operibus
1084 2740 1493 2799 misericordiae
1514 2760 1528 2812 ;
1552 2747 1610 2799 et

436 2813 572 2871 tunc
623 2812 776 2870 dicat
816 2830 829 2870 z
873 2816 1101 2870 Peccavi
1129 2830 1295 2886 super
1322 2831 1607 2871 numerum

436 2900 616 2943 arenas
630 2889 938 2955 maris,etc.
968 2884 1454 2953 Item,consideret
1482 2902 1607 2955 pec-

437 2956 548 3014 cati
566 2956 1049 3029 magnitudinem,
1069 2959 1220 3029 quod
1253 2962 1371 3015 tam
1401 2973 1610 3028 magna

435 3032 670 3101 peccata
693 3028 845 3097 fecit,
868 3035 925 3086 et
962 3034 1160 3086 contra
1187 3033 1304 3086 tam
1335 3045 1609 3102 magnum

438 3102 763 3167 Dominum,
795 3107 851 3158 et
874 3101 1028 3158 dicat
1053 3116 1066 3157 t
1094 3105 1278 3171 Pater,
1306 3104 1529 3173 peccavi
1545 3104 1608 3156 in

433 3174 623 3227 coelum
648 3177 701 3229 et
724 3188 905 3228 coram
933 3178 987 3229 te
1006 3192 1024 3241 ,-
1042 3179 1093 3229 et
1112 3188 1220 3229 non
1238 3189 1359 3229 sum
1380 3174 1607 3242 dignus,

435 3247 542 3296 otc.
578 3242 739 3309 Item,
774 3243 1096 3300 consideret
1119 3243 1335 3315 pcccati
1364 3244 1608 3315 turpitu-

433 3310 647 3378 dinem,
686 3314 839 3382 quod
869 3319 985 3370 tam
1035 3318 1224 3386 turpia
1251 3320 1484 3387 peccata
1523 3315 1609 3369 fe·

440 3375 849 3462 cit.4S·ecu11·d0,
881 3391 943 3439 ut
978 3384 1167 3441 videat
1196 3392 1422 3457 tempus
1458 3386 1610 3456 quod

442 3459 665 3521 am1s1t3
702 3452 831 3508 vide
877 3467 1012 3524 ergo
1041 3462 1179 3525 quot
1228 3456 1366 3523 dieS,
1400 3463 1609 3525 quotve

439 3535 684 3593 menses,
734 3528 791 3579 et
818 3530 958 3595 quot
989 3539 1174 3582 annos
1202 3525 1450 3581 inaniter
1479 3541 1611 3581 con·

438 3594 749 3669 sumpsisti,
768 3600 826 3652 et
853 3595 1004 3667 quia,
1037 3597 1347 3653 secundum
1364 3600 1613 3653 Bernar—

412 3669 592 3734 stum,
635 3677 804 3724 omne
836 3674 1058 3739 tempus
1088 3667 1385 3740 perdidisti
1415 3667 1474 3723 in
1498 3683 1611 3738 quo

439 3741 511 3796 de
535 3742 652 3797 Deo
678 3755 788 3796 non
807 3738 1088 3812 cogitasti.
1110 3739 1322 3809 Tertio,
1338 3744 1401 3797 ut
1420 3739 1613 3796 videat

480 3810 924 3869 ulchritudinem
986 3812 1218 3882 animae,
1269 3827 1440 3884 quam
1490 3811 1611 3882 pol·-

462 3883 566 3953 uit,
598 3899 724 3956 quae
752 3881 1135 3955 pulcherrima
1171 3885 1276 3942 fuit
1305 3893 1360 3941 et
1392 3884 1609 3955 dignis·

437 3953 601 4022 sima,
639 3958 773 4027 quia
802 3957 874 4014 ad
904 3956 1212 4030 imaginem
1244 3960 1300 4013 et
1339 3955 1615 4013 similitu-

438 4025 630 4083 dinem
653 4025 758 4084 Dei
782 4034 974 4086 creata
997 4043 1011 4097 ;
1044 4033 1101 4085 et
1127 4030 1277 4101 quod
1308 4043 1367 4084 se
1395 4028 1475 4084 sic
1499 4031 1613 4084 tur-

436 4096 588 4170 piter
613 4098 918 4156 vilificavit.
939 4103 1171 4169 Quart0,
1191 4104 1255 4156 ut
1272 4100 1463 4156 videat
1482 4113 1613 4170 gra-

439 4169 577 4226 tiam
601 4185 771 4241 quam
794 4172 1006 4241 amisit,
1029 4177 1086 4228 et
1110 4176 1322 4243 quanta
1348 4174 1493 4227 bona
1513 4185 1616 4241 per

437 4247 733 4312 peccatum
770 4243 1036 4315 perdidit.
1078 4244 1122 4300 O
1167 4258 1333 4314 quam
1378 4242 1616 4299 multam

438 4311 681 4380 gratiam
720 4313 877 4369 multi
917 4311 1243 4385 negligunt!
1283 4316 1434 4370 Deus
1463 4314 1617 4369 enim

443 4393 668 4449 semper
686 4387 924 4451 paratus
944 4389 1032 4440 est
1052 4387 1208 4454 dare,
1225 4384 1327 4441 sed
1343 4383 1513 4455 pauci
1526 4397 1621 4441 vo-

1717 601 1840 668 Dei,
1872 614 2044 672 quam
2079 600 2425 671 provocavit,
2453 605 2510 658 et
2540 602 2696 672 quod
2726 603 2900 679 hene-

1718 673 1863 730 ficiis
1898 672 1999 743 Dei
2038 672 2118 729 ita
2143 671 2406 743 ingratus
2448 672 2572 729 fuit.
2612 675 2805 740 Sext0,
2839 680 2900 730 ut

1713 745 1906 802 videat
1940 752 2170 816 poenam
2195 743 2624 816 quammeruit,
2659 753 2901 817 quaeest
2951 802 2958 811 ,

1718 820 1955 884 aeterna,
1987 831 2182 872 amara
2233 822 2292 871 et
2327 815 2573 872 diversa.
2618 817 2906 898 Septimo,

1717 892 1781 947 ut
1810 886 1998 944 videat
2018 885 2258 958 gloriam
2290 902 2461 958 quam
2477 886 2749 959 perdidlt,
2769 903 2922 960 quae·
2967 950 2988 965 ..
3015 962 3022 969 ‚

1718 964 1804 1016 est
1830 958 2193 1032 infinita,pro
2221 959 2381 1031 cujus
2409 963 2590 1030 gustu
2610 959 2684 1017 ad
2723 973 2899 1016 unam

1717 1031 1942 1100 horam,
1988 1028 2301 1101 secundum
2323 1028 2734 1100 Aimustinum,
2766 1046 2904 1089 con·

1717 1103 2027 1158 temnenda
2051 1105 2243 1158 essent
2263 1100 2458 1157 omnia
2482 1102 2654 1173 hujus
2674 1102 2895 1158 mundi.

1719 1173 1818 1229 His
1842 1177 2059 1245 septem
2088 1171 2481 1239 consideratis,
2511 1174 2659 1230 bene
2689 1173 2901 1230 durum
2931 1216 2938 1223 ,
2969 1195 2982 1223 .·
3029 1148 3036 1155 ’

1718 1250 1774 1300 et
1788 1244 2074 1316 lapideum
2091 1260 2189 1300 cor
2201 1240 2440 1309 haberet
2453 1245 2649 1314 homo,
2665 1244 2899 1315 quinon

1717 1332 1916 1373 amara
1941 1315 2282 1373 contritione
2306 1321 2789 1398 compungeretur
2824 1316 2900 1373 ds

1718 1386 1965 1459 peccatis
1994 1389 2134 1444 suis.
2176 1416 2247 1428 —
2281 1389 2579 1456 Tertium,
2665 1384 2779 1443 uod
2811 1393 2902 1444 est

1718 1476 1862 1531 pura
1892 1465 2255 1529 peccatorum
2284 1458 2592 1527 confessio,
2662 1458 2898 1529 esigna-

1717 1530 1799 1586 vit
1826 1529 2103 1587 Dominus
2127 1547 2228 1602 per
2260 1532 2366 1585 hoc
2396 1531 2752 1607 quadistum
2786 1546 2896 1586 cae—

1720 1618 1852 1659 cum
1883 1604 1963 1658 sic
1994 1601 2215 1658 linitum
2244 1599 2406 1657 misit
2438 1601 2629 1658 lavare
2663 1603 2899 1658 semeti-

1720 1689 1908 1745 psum,
1939 1689 2041 1745 per
2064 1674 2502 1739 confessionem,
2535 1672 2686 1744 apud
2715 1684 2900 1729 sacer-

1719 1746 1930 1801 dotem.
1968 1744 2231 1812 Quamvis
2272 1743 2428 1800 enim
2468 1746 2616 1800 Deus
2648 1742 2903 1801 dimittat

1718 1823 2017 1891 peccatum
2037 1818 2108 1872 ad
2129 1814 2529 1872 contritionem
2556 1815 2900 1887 peccatoris,

1720 1886 1936 1958 obligat
1964 1892 2155 1943 tamen
2188 1903 2317 1943 eum
2347 1887 2421 1943 ad
2454 1885 2900 1957 confessionem,

1719 1958 1938 2015 homini
1974 1958 2095 2015 vice
2134 1958 2254 2023 Dei,
2292 1958 2628 2015 faciendam.
2663 1960 2731 2014 Et
2768 1955 2902 2014 talis

1722 2032 2002 2088 absolutio
2030 2031 2180 2088 sacta
2197 2029 2267 2087 ‘in
2295 2029 2670 2099 confessione,
2701 2043 2903 2085 secun-

1723 2104 1857 2160 dum
1893 2104 2291 2172 Αιιραεείηωη,
2328 2100 2551 2158 reducit
2602 2100 2899 2157 hominem

1723 2175 1797 2231 ad
1826 2174 2099 2245 Baptismi
2126 2173 2450 2246 puritatem.
2470 2171 2790 2245 Proemissis
2803 2188 2901 2228 au·
2993 2198 3008 2209 ·

1720 2250 1838 2302 tem
1861 2246 2046 2302 tribus
2075 2243 2340 2316 peractis,
2375 2253 2512 2301 tunc
2538 2243 2734 2315 incipit
2762 2258 2897 2315 pec—

1722 2321 1881 2373 cator
1901 2316 2092 2372 videre
2117 2333 2131 2383 ;
2163 2322 2219 2371 et
2246 2315 2325 2371 sic
2348 2332 2383 2372 a
2403 2332 2509 2372 sua
2532 2319 2786 2372 caecitate
2811 2313 2899 2370 di-

1719 2385 1854 2441 vina
1869 2385 2054 2456 gratia
2069 2390 2322 2450 curatus,
2333 2387 2592 2457 procidat
2606 2385 2902 2442 humiliter

1720 2461 1776 2514 et
1822 2458 2023 2513 adoret
2069 2456 2420 2529 suppliciter,
2464 2457 2680 2530 gratias
2719 2472 2902 2529 agens

1719 2531 1856 2586 Deo.
1900 2527 2135 2600 Signum
2164 2545 2298 2587 vero
2329 2534 2418 2587 est
2452 2531 2604 2601 quod
2638 2532 2904 2600 peccator

1718 2603 1801 2657 sic
1853 2599 2204 2657 illuminatus
2235 2605 2341 2665 est,
2375 2602 2601 2672 quando
2629 2601 2785 2657 clare
2813 2600 2902 2655 vi-

1719 2673 1815 2729 det
1842 2675 1899 2727 et
1927 2672 2236 2741 cognoscit.
2271 2672 2373 2728 Illa
2402 2676 2593 2727 autem
2623 2669 2903 2741 cognitiO,

1715 2743 1776 2799 in
1809 2743 2031 2799 duobus
2066 2742 2344 2809 consistit,
2368 2740 2619 2796 scilicet:
2657 2740 2720 2796 iu
2757 2758 2904 2813 cog—

1716 2814 2003 2871 noscendo
2041 2814 2239 2881 Deum,
2300 2810 2446 2868 etin
2495 2814 2905 2880 cognoscendo

1715 2885 2097 2957 semetipsum.
2117 2885 2471 2955 Cognoscere
2482 2884 2666 2938 Deum
2680 2881 2742 2938 in
2761 2900 2906 2956 prae-

1700 2956 1865 3015 ⁴senti
1906 2960 1994 3014 est
2050 2954 2296 3027 cognitio
2357 2970 2476 3011 suae
2528 2953 2803 3025 potentiae
2844 2953 2904 3011 et

1720 3043 1838 3086 suae
1870 3026 2160 3085 bonitatis
2193 3025 2453 3099 Cognitio
2469 3029 2664 3084 autem
2692 3030 2899 3097 poten-

1718 3100 1824 3157 tiae·
1853 3104 2093 3172 generat
2111 3098 2167 3154 in
2199 3097 2364 3155 nobis
2389 3096 2676 3166 timorem,
2703 3096 2807 3178 qui·
2833 3097 2904 3153 ti·

1721 3187 1848 3228 mor
1877 3172 2013 3228 facit
2051 3170 2318 3228 recedere
2350 3185 2384 3226 a
2418 3169 2606 3237 ma103
2640 3167 2897 3238 cognitio

1718 3242 1988 3301 bonitatis
2026 3246 2266 3313 generat
2311 3240 2372 3296 in
2415 3238 2580 3296 nobis
2617 3254 2898 3309 amorem,

1722 3314 1818 3386 qui
1857 3330 2021 3370 amor
2056 3312 2210 3369 ducit
2241 3328 2347 3368 nus
2377 3312 2450 3367 ad
2483 3311 2695 3367 honum
2751 3309 2898 3366 saci·-

1720 3386 1950 3442 endum.
1979 3383 2238 3456 Cognitio
2269 3389 2462 3439 autem
2496 3380 2676 3437 nostri
2718 3396 2899 3451 gene·

1719 3463 1809 3512 rat
1825 3456 1882 3511 in
1898 3454 2062 3512 nobis
2078 3454 2479 3522 humilitatem,
2494 3467 2622 3525 quae
2636 3457 2722 3508 est
2736 3451 2904 3508 radix

1721 3532 1777 3583 et
1804 3533 1984 3582 mater
2005 3524 2258 3582 omnium
2285 3524 2582 3581 virtutum.
2611 3526 2677 3579 Et
2699 3522 2782 3579 sic
2804 3539 2904 3608 pa-

1720 3601 1802 3654 tet
1841 3597 1992 3669 quod
2030 3597 2153 3652 haec
2191 3597 2395 3668 duplex
2433 3593 2705 3666 cognitiO,
2747 3593 2901 3651 sellis

1721 3673 1811 3725 cet
1839 3671 1938 3725 Dei
1966 3674 2021 3725 et
2050 3668 2250 3737 nostri,
2286 3674 2373 3725 est
2400 3682 2574 3723 causa
2598 3665 2775 3722 totius
2804 3682 2916 3724 no-

1722 3744 1855 3797 strae
1910 3739 2107 3797 salutis
2137 3756 2152 3809 ;
2212 3756 2344 3797 nam
2398 3736 2645 3810 cognitio
2690 3743 2905 3809 poten-

1721 3811 1817 3869 tiae
1867 3811 1968 3869 Dei
2058 3815 2258 3869 encrat
2304 3809 2591 3879 timorem,
2624 3810 2720 3879 qui
2766 3809 2908 3866 facit

1722 3883 1904 3940 vitare
1941 3829 2155 3940 maffum
2180 3900 2195 3953 3
2223 3880 2469 3954 cognitio
2494 3878 2772 3961 bonitatis
2801 3879 2907 3937 Dei

1724 3959 1962 4027 generat
1999 3971 2275 4024 amorem,
2323 3955 2423 4025 qui
2475 3952 2612 4009 facit
2670 3951 2905 4024 operari

1724 4029 1971 4095 bonum3
2004 4026 2253 4099 cognitio
2291 4023 2469 4082 nostri
2505 4027 2745 4095 generat
2789 4024 2902 4080 hu-

1723 4098 2047 4166 militatem,
2084 4114 2213 4181 quoe
2235 4112 2340 4154 nos
2364 4099 2663 4153 conservat
2691 4094 2749 4150 in
2781 4095 2899 4151 evi-

1723 4170 1940 4227 tatione
1979 4171 2113 4227 mali
2138 4169 2277 4225 etin
2304 4165 2635 4241 operatione
2666 4165 2827 4222 boni.

1798 4246 1830 4297 8
1877 4243 2027 4297 BENE
2078 4258 2329 4299 tri-sunm(
2370 4258 2465 4296 iss-1·
2516 4255 2783 4294 murone.
2831 4265 2905 4278 —

1726 4315 1968 4384 Tempus
1996 4313 2170 4385 igitur
2202 4315 2592 4380 observemuS,
2623 4314 2682 4365 et
2714 4310 2787 4366 ab
2819 4307 2909 4364 in-

1726 4384 2111 4458 temporaneis
2172 4384 2585 4454 abstineamus,
2647 4396 2723 4440 ne
2774 4395 2912 4452 cum
