3146 5023
348 373 411 425 22
806 342 849 435 “-
1072 375 1297 427 PRIMAE
1349 377 1589 431 PARTIS
1645 376 1851 429 CAPUT
1905 378 2170 430 XLVIII.-

354 476 433 549 uti
455 480 635 551 magis
655 495 829 557 quam
852 476 1087 536 veritate
1108 480 1361 551 Justitiae.
1384 483 1517 538 Ideo

351 552 523 608 etiam
552 551 808 607 vehiculo
853 549 1012 605 navis
1044 553 1286 607 transire
1320 555 1514 621 voluit,

351 630 418 679 ut
451 638 556 678 nos
585 623 815 677 doceret
840 623 970 676 navi
1009 629 1066 677 et
1102 622 1370 691 suffragio
1396 641 1518 696 poe-

350 694 606 749 nitentiae
643 694 723 747 uti
752 693 811 747 in
840 691 985 748 mari
1012 695 1191 757 seculi
1220 695 1409 764 hujuS‚
1457 701 1523 752 ut

351 768 411 822 in
439 765 727 821 civitatem
760 766 1049 823 eoelestem
1076 767 1472 835 perveniamus
1499 783 1518 836 3

238 838 257 860 ⁸
354 838 478 893 haec
500 837 655 891 enim
682 836 838 889 navis
860 837 1206 904 poeuitentiae
1238 837 1295 891 in
1320 837 1525 893 civita-

353 915 470 964 tem
501 910 786 963 coelestem
817 907 1062 963 deducit.
1083 908 1215 964 Ideo
1244 909 1520 979 sequiturt

349 983 422 1036 Et
451 982 599 1034 venit
641 981 703 1051 igi
753 980 1033 1045 civitatem
1080 988 1267 1039 suam.
1310 979 1528 1034 scilicet

356 1052 778 1120 capharnaum,
808 1050 865 1103 in
894 1063 1009 1119 qua
1024 1048 1378 1120 frequentius
1400 1067 1528 1106 con·

357 1123 569 1178 versari
619 1122 836 1175 solebat
874 1128 932 1175 et
963 1123 1240 1176 miracula
1278 1123 1526 1190 operari.

357 1194 681 1261 Secundum
734 1192 1003 1246 eumdem
1059 1193 1529 1263 chrysostomum,

357 1267 455 1335 hic
506 1262 647 1318 dicit
731 1262 1151 1330 Caphar-naum,

290 1402 299 1411 ⁶
358 1353 523 1394 suam
562 1346 759 1404 quam,
794 1350 908 1387 non
954 1335 1257 1390 nascendo.
1293 1337 1392 1390 sed
1423 1336 1535 1389 mi-

360 1405 568 1466 ra’euiis
584 1407 943 1468 illustrando,
967 1422 1125 1469 suam
1150 1407 1271 1476 ipse
1301 1404 1532 1461 fecerat.

360 1480 483 1547 Alia
515 1477 745 1549 quidem
777 1492 909 1532 eum
938 1477 1156 1544 extulit,
1195 1479 1250 1533 id
1280 1482 1541 1533 estextra
1572 1512 1576 1515 -

363 1553 423 1607 in
454 1553 639 1607 lucem
686 1548 864 1617 duxit,
898 1554 960 1602 ut
1001 1549 1333 1604 Bethlehem
1365 1568 1377 1615 3
1422 1551 1537 1604 alia

362 1629 554 1678 autem
606 1621 861 1686 nutrivit,
912 1625 977 1673 iit
1032 1622 1357 1688 Nazareth;
1420 1622 1537 1675 alia

365 1699 556 1750 autem
608 1693 709 1745 diu
740 1690 1155 1745 inhabitantem
1204 1692 1420 1758 habuit,
1471 1696 1537 1746 ut

364 1766 785 1835 Capharnaum.
836 1762 991 1814 Hanc
1043 1756 1535 1817 enim‘civitatem

364 1836 546 1905 magis
577 1831 959 1902 frequentavit
994 1835 1447 1901 conversatione,
1479 1839 1535 1886 et

367 1908 426 1961 in
483 1903 886 1959 miraculorum
952 1905 1322 1973 operatione;
1376 1904 1530 1972 qeia‘,

366 1976 682 2033 seeundum
734 1975 1130 2045 Aequa-unum,
1192 1981 1314 2030 erat
1370 1975 1534 2043 quasi

316 2102 325 2111 ,
368 2045 695 2115 metropolis
726 2052 781 2099 et
812 2044 1091 2113 insignior
1141 2047 1338 2101 civitas
1374 2047 1535 2103 Gali-

367 2121 511 2187 laeae,
543 2119 641 2173 ubi
670 2117 1043 2187 plurimorum
1082 2133 1362 2172 concursu
1393 2117 1536 2171 fides

360 2199 426 2246 ‘et
466 2190 723 2245 doctrina
774 2189 896 2259 ejus
949 2188 1155 2242 clarius
1207 2195 1443 2256 pateret,
1479 2193 1534 2242 et

368 2258 659 2317 miraculis
689 2260 1023 2314 confirmata
1046 2260 1117 2314 ad
1152 2259 1359 2313 multos
1390 2260 1536 2313 salu·

365 2332 546 2390 briter
594 2334 946 2400 pervenirem
985 2331 1071 2384 vel
1100 2329 1251 2399 quia,
1284 2336 1534 2398 utsupra

371 2404 582 2457 dictum
598 2405 701 2463 est,
718 2401 1118 2469 Capharnaum
1136 2404 1535 2468 interpretatur

367 2475 508 2529 villa
523 2470 964 2544 pulchritudinis
990 2476 1046 2527 et
1068 2473 1447 2541 pinquedinis‚
1480 2477 1536 2526 et

370 2545 779 2613 consolationiS,
816 2559 941 2613 quae
979 2549 1110 2599 sunt
1147 2545 1364 2599 occasio
1403 2559 1532 2613 pec-

352 2616 540 2684 ‚canili
570 2615 781 2677 multiS‚
832 2614 959 2670 ideo
1001 2615 1073 2670 ad
1098 2615 1185 2669 sui
1212 2613 1532 2670 conversio-

370 2683 502 2742 nei‘n
552 2687 805 2753 pluribus
847 2686 1140 2756 indigebat
1187 2686 1476 2741 miraculis
1517 2701 1530 2752 ;

370 2758 478 2827 vel,
502 2758 1015 2827 sicutmetropoliin
1033 2756 1279 2827 regionis
1297 2757 1538 2826 alicujus

371 2828 657 2883 civitatem
682 2833 933 2883 nostram
951 2826 1538 2897 diciumssexisientes

370 2907 563 2955 tamen
623 2901 690 2953 de
740 2899 964 2954 civitate
1011 2900 1268 2972 subjecta
1302 2900 1400 2967 illi,
1454 2898 1531 2952 ita

371 2974 428 3026 et
466 2971 864 3039 capharnaum
898 2973 1225 3039 metropolis
1265 2971 1540 3025 Nazareth

372 3041 639 3108 Galilaeae,
692 3044 800 3098 sita
832 3044 980 3096 inter
1020 3044 1294 3098 Nazareth
1325 3049 1381 3095 et
1421 3047 1535 3094 sta-

371 3127 570 3182 gnum,
602 3113 807 3165 dicitur
850 3114 1045 3166 civitas
1084 3113 1327 3181 Domini,
1361 3113 1417 3166 in
1438 3114 1540 3166 Na-

371 3184 564 3237 zareth
596 3181 852 3249 concepti
882 3187 938 3235 ct
964 3182 1181 3237 nutriti.

445 3272 473 3305 2
522 3251 805 3305 OFFERTUR
854 3253 1093 3306 *Cunis'ro
1158 3269 1536 3322 PARALYTICUS,

371 3339 526 3380 cums
568 3338 799 3374 PECCATA
826 3339 1056 3376 DIMITTlT
1084 3340 1387 3384 Paiusonni
1428 3340 1540 3377 Enii

370 3395 717 3447 Smer—Et
736 3407 850 3445 ecce
879 3408 1008 3447 cum
1035 3395 1091 3447 in
1112 3397 1278 3448 domo
1305 3396 1535 3447 doceret

367 3464 584 3529 turbas,
651 3464 764 3515 viri
830 3469 1066 3531 quatuor
1120 3468 1406 3533 portantes
1473 3467 1532 3518 in

369 3535 502 3589 lecto
524 3533 924 3603 paralyticum,
950 3535 1306 3589 invenientes
1328 3534 1533 3589 ,multi-

367 3607 566 3661 tudine
616 3605 850 3674 Januam
905 3606 1250 3669 obturatam,
1304 3611 1360 3660 et
1422 3621 1535 3659 non

364 3677 617 3731 valentes
668 3676 904 3730 introire
951 3692 1051 3745 per
1088 3691 1234 3743 eam,
1278 3681 1334 3731 et
1373 3677 1533 3730 illum

365 3748 580 3803 inferre
605 3763 721 3817 prae
748 3748 937 3814 turba,
974 3748 1336 3803 ascenderunt
1360 3762 1534 3816 cupra

366 3823 586 3887 tectum,
619 3823 670 3873 et
688 3820 965 3878 nudantes
991 3819 1151 3881 illud,
1172 3835 1272 3888 per
1297 3821 1530 3889 tequcas,

359 3890 731 3946 submiserunt
758 3905 878 3944 eum
907 3906 1028 3945 cum
1056 3893 1188 3945 lecto
1214 3893 1274 3944 in
1293 3891 1532 3944 medium

363 3966 491 4017 ante
525 3964 753 4029 Jesum3
784 3967 840 4017 et
886 3962 992 4016 hoc
1017 3961 1125 4017 fuit
1142 3962 1374 4032 signum
1412 3977 1533 4016 ma-

362 4048 540 4105 gnum
587 4033 1014 4102 fidei‘ipsorum.
1044 4034 1204 4090 Unde
1218 4041 1343 4103 post
1362 4032 1536 4086 fidem

362 4105 570 4159 divinae
665 4119 866 4160 eorum
952 4105 1205 4159 ostendit
1260 4102 1532 4158 Dominus

356 4174 652 4244 potestatis
709 4180 921 4241 actum,
980 4181 1039 4230 et
1073 4190 1246 4244 super
1281 4177 1533 4229 animam

1635 483 1887 540 criminis
1911 500 1928 551 3
1961 482 2236 546 secundo,
2262 482 2332 536 in
2348 480 2682 553 cognitione
2702 492 2820 533 co-

1634 556 1945 627 gitationis,
1975 561 2033 610 et
2071 554 2361 621 haec-duo
2402 553 2689 623 pertinent
2736 548 2814 604 ad

1634 624 1884 682 animam
1911 643 1929 694 ;
1967 626 2159 688 tertio,
2188 623 2250 679 in
2289 596 2481 679 subita
2508 621 2806 677 curatione

1635 695 1991 767 {egritudinis
2021 696 2351 763 corporalis,
2417 697 2557 749 Nam
2610 691 2813 746 videns

1632 771 1787 824 Jesus
1815 768 1978 837 fidem
2024 767 2268 833 illorum,
2298 765 2514 819 scilicet
2550 762 2803 819 offenen-

1634 839 1799 909 tium,
1821 843 1883 893 et
1922 838 2093 893 etiam
2125 835 2422 908 pwlytici
2443 835 2618 890 oblati
2641 846 2802 901 3non

1636 909 1788 971 enim
1821 925 1884 964 se
1931 909 2164 978 portari,
2197 912 2257 964 et
2281 923 2386 976 per
2427 912 2641 960 tectum
2665 902 2808 958 sub-⁷

1636 981 1784 1035 mitti
1814 980 2190 1045 sustinuisset,
2236 979 2343 1032 nisi
2387 974 2699 1032 curationis
2719 972 2804 1029 fi·-

1638 1054 1767 1108 dem
1793 1051 2105 1117 habuisset,
2130 1049 2424 1104 dimittens
2460 1045 2515 1101 ei
2553 1048 2817 1115 peccata,

1639 1123 1779 1180 dixit
1809 1142 1827 1176 ε
1883 1121 2122 1190 confide,
2152 1123 2258 1190 fili,
2287 1122 2645 1174 remittuntur
2687 1115 2801 1169 tibi

1634 1197 1863 1266 peccata
1889 1197 1988 1247 tua
2013 1198 2108 1259 3et
2132 1207 2244 1246 non
2272 1192 2409 1245 dicit
2436 1187 2684 1254 remitto,
2708 1185 2808 1240 sed

1237 1266 1532 1319 civitatem
1641 1267 2015 1328 metiamtur,
2060 1278 2229 1318 caum
2272 1260 2609 1317 humilitatis
2636 1260 2809 1326 atque

1645 1337 1870 1407 pietatis
1932 1332 2302 1390 insinuandae.
2360 1332 2450 1387 Ex'
2489 1334 2595 1385 hoc
2635 1330 2819 1406 pate-t,

1646 1407 1798 1477 quod
1839 1405 1984 1462 fides
2036 1405 2342 1476 paralytici·
2381 1403 2578 1458 aderat
2606 1421 2621 1467 ;
2652 1411 2815 1479 ‚qu-ia

1645 1480 1780 1534 licet
1814 1477 2024 1532 sanitas
2067 1476 2397 1544 corporalis,
2454 1473 2538 1528 vel
2591 1467 2807 1537 aliquid

1649 1549 1972 1620 hujusmodi
1995 1549 2164 1601 detzur
2189 1547 2357 1601 alicui
2385 1549 2616 1615 propter
2627 1539 2816 1595 fidem

1646 1621 1916 1687 alienam,
1941 1617 2199 1673 remissio
2224 1625 2416 1672 tamen
2447 1618 2812 1683 peoeatorum

1648 1707 1762 1746 non
1782 1691 1951 1746 datur
1971 1688 2141 1745 alicui
2170 1689 2366 1744 adulto
2395 1686 2515 1740 sine
2544 1680 2656 1739 fide
2670 1694 2808 1760 pre-

1649 1763 1789 1832 pria,
1822 1769 1879 1816 et
1924 1763 2048 1816 ideo
2084 1760 2231 1815 bene
2256 1760 2438 1814 filium
2469 1756 2814 1821 vocat‚quia

1640 1834 1760 1904 jam
1796 1833 2083 1888 eredebat.
2121 1831 2220 1886 Ubi
2251 1833 2619 1898 Hieronymus
2647 1843 2666 1878 ι
2702 1816 2813 1900 «Ὢ

1645 1903 1791 1958 mira
1818 1903 2113 1959 humilitas
2143 1903 2155 1958 l
2193 1903 2516 1971 despectum
2541 1902 2603 1951 et
2651 1891 2814 1972 debi-

1645 1976 1779 2041 lem,
1805 1978 2046 2043 totisque
2091 1974 2477 2027 membrorum
2522 1979 2814 2036 compagi-

1643 2047 1751 2102 bus
1804 2046 2138 2100 dissoluuim
2181 2042 2358 2098 filium
2410 2047 2593 2106 vocat,
2646 2049 2817 2115 quern

1643 2118 1965 2173 sacerdotes
2024 2131 2141 2169 non
2197 2114 2580 2183 dignabantur
2633 2112 2812 2184 attin-

1644 2188 1822 2259 gere!
1864 2190 1975 2242 Aut
2025 2191 2177 2241 certe
2223 2184 2349 2240 ideo
2396 2183 2597 2238 silium.
2670 2190 2808 2247 qma

1646 2259 2012 2314 dimittuntur
2040 2255 2089 2311 ei
2119 2265 2348 2324 peccata
2370 2272 2488 2308 sua.
2523 2272 2551 2305 ))
2595 2253 2668 2306 Et
2696 2261 2836 2329 ecee.

1646 2331 1874 2401 quidam
1904 2334 1970 2383 de
1995 2329 2224 2396 SeribiQ
2252 2327 2309 2382 id
2350 2330 2431 2382 est
2461 2323 2815 2403 legisperitis,

1646 2404 1907 2456 dioeerunt
1934 2403 2084 2455 intra
2111 2414 2187 2461 se,
2241 2397 2297 2452 id
2345 2402 2429 2452 est
2469 2391 2829 2464 cogitabant„

1646 2474 1779 2545 quia
1831 2478 1988 2528 extra
2042 2471 2227 2526 dicere
2284 2472 2512 2538 propter
2551 2461 2820 2544 populum

1646 2561 1761 2601 non
1788 2542 2096 2612 audebant,
2139 2541 2374 2595 verbum
2419 2539 2571 2593 enim
2621 2537 2824 2617 intrin-

1645 2630 1837 2672 secum
1881 2621 1966 2669 est
1999 2612 2266 2684 cogitatio
2307 2613 2512 2666 mentis
2536 2624 2549 2661 ε
2577 2609 2681 2661 Hw
2705 2604 2822 2681 blet-

1645 2689 1915 2758 sphemat,
1963 2683 2022 2738 id
2080 2690 2162 2738 est
2216 2683 2367 2753 quod
2423 2678 2522 2735 Dei
2576 2679 2660 2732 est
2694 2673 2807 2729 sibi

1650 2763 1901 2825 usurpat.
1935 2756 2030 2809 Est
2057 2757 2211 2809 enim
2246 2753 2657 2823 blasphemare,
2694 2746 2810 2825 Deo

1649 2828 1917 2900 injuriam
1955 2827 2230 2895 irrogare,
2279 2825 2428 2895 quod
2466 2821 2532 2899 fit
2580 2815 2820 2885 triphci-

1650 2907 1737 2955 ter
1773 2917 1786 2954 :
1837 2899 1924 2952 vel
1970 2912 2104 2951 cum
2142 2897 2253 2952 Deo
2303 2892 2636 2949 attribuitur
2663 2884 2818 2957 quod

1650 2971 1701 3026 ei
1729 2984 1845 3024 non
1874 2968 2180 3035 convenit;
2221 2967 2309 3021 vel
2351 2965 2425 3020 ab
2458 2979 2523 3017 eo
2560 2972 2816 3015 remove-

1650 3047 1746 3096 tur
1781 3037 2075 3108 ,quodei
2152 3042 2453 3102 coiivenit3
2517 3032 2625 3099 vel,
2672 3042 2802 3107 curn

1648 3112 1819 3166 homo
1849 3109 1975 3176 sibi,
2016 3109 2167 3180 quod
2212 3108 2504 3177 proprium
2556 3105 2640 3182 est
2690 3100 2816 3180 Dei,

1648 3182 1871 3250 tribuit,
1914 3187 1970 3235 et
2025 3182 2130 3234 hoc
2163 3179 2329 3233 modo
2375 3176 2539 3230 tertio
2585 3172 2810 3253 judica-

1649 3254 1785 3308 bant
1836 3265 1965 3305 eum
2002 3250 2394 3318 blasphemare
2446 3245 2582 3314 quia
2627 3255 2819 3311 ipsum*

1650 3322 1926 3393 putabant
1970 3323 2256 3376 hominem
2312 3324 2553 3383 tantum,
2600 3318 2657 3369 et
2701 3327 2823 3367 non

1648 3396 1830 3449 Deum
1861 3408 1981 3447 esse
2010 3408 2025 3460 3
2059 3393 2340 3446 dimittere
2370 3393 2561 3443 autem
2584 3387 2814 3455 peccata

1646 3465 1750 3520 soli
1783 3467 1892 3519 Deo
1920 3465 2202 3517 convenit.
2240 3462 2347 3516 Sed
2395 3459 2647 3514 Christus
2674 3469 2824 3510 con-n

1647 3534 1944 3591 venienter
1985 3550 2085 3588 eos
2129 3530 2448 3603 redarguit,
2505 3526 2810 3608 ostendens

1646 3623 1705 3662 se
1735 3622 1852 3674 esse
1887 3607 2061 3659 Deum
2091 3602 2408 3673 dupliciter.
2434 3605 2640 3666 l'rimo,
2672 3610 2809 3666 quia

1644 3677 1949 3745 respondet
1969 3690 2166 3730 eorum
2186 3670 2813 3748 cogitationibuS,·quas

1639 3763 1989 3819 cognoscere
2013 3762 2117 3815 per
2142 3746 2538 3799 certitudinem
2566 3742 2668 3795 soli
2690 3740 2806 3821 Deo

1645 3820 1937 3888 proprium
1992 3823 2097 3884 est,
2156 3817 2281 3870 ideo
2320 3815 2487 3869 dixit:
2545 3814 2615 3867 Ut
2674 3808 2815 3879 quid

1645 3890 1901 3957 coqitatis
1930 3890 2081 3943 mala
2130 3890 2190 3941 in
2246 3886 2499 3941 cordibus
2553 3883 2798 3961 vestrim

1642 3960 1985 4029 imponendo
2015 3959 2154 4013 mihi
2183 3958 2324 4013 salso
2372 3954 2805 4032 blasphemiam,

1642 4030 1855 4087 scilieet
1879 4045 1970 4085 me
1999 4045 2116 4085 non
2147 4044 2309 4100 posse
2348 4033 2580 4097 peccata
2611 4025 2811 4078 dimit-

1642 4108 1785 4171 tere,
1869 4106 1927 4157 et
1977 4101 2131 4171 quod
2189 4101 2286 4155 Dei
2315 4103 2441 4170 ‚est,
2471 4108 2748 4167 usurpare
2776 4091 2827 4173 οἳ

1646 4171 2117 4240 Οωιεὶ,άίοθι·εῐε
2164 4172 2291 4237 Qua
2340 4172 2618 4239 potestate
2662 4180 2813 4235 eogi-

358 4243 675 4372 ggalytici,
698 4250 755 4300 et
782 4262 955 4317 super
984 4262 1191 4316 corpus
1237 4246 1437 4314 ipsum.
1473 4246 1543 4299 Et
1644 4246 1890 4300 tationes
1922 4251 2134 4299 vestras
2161 4243 2345 4308 video,
2379 4240 2815 4318 etianrpeecata

496 4316 795 4385 tripliciter
820 4335 839 4374 ε
871 4316 1073 4387 primo,
1101 4318 1164 4371 in
1203 4317 1539 4400 remissione
1646 4315 1932 4372 dimittere
1969 4327 2220 4416 possvum,
2272 4312 2410 4383 quia
2447 4311 2834 4380 exagitatione*
