3146 5023
647 429 723 480 DE
777 424 1149 478 AMBITIONE
1206 427 1283 478 ET
1336 425 1740 484 QUIBUSDAM
1798 424 1979 475 ALIIS
2037 421 2474 475 DEFECTIBUS.

348 536 564 589 montes
587 535 639 587 et
675 531 981 599 fumiqant,
1036 534 1093 585 et
1121 533 1239 584 tam
1274 533 1526 585 tremen-

360 604 494 661 dam
523 603 874 674 Majestatem
913 601 1088 658 audet
1138 599 1366 656 irritare
1403 601 1530 671 pul-

359 675 610 731 visculus
649 690 762 729 uno
784 672 892 728 levi
924 674 1064 727 flatu
1091 671 1530 742 dispergenduS,

349 752 418 802 =et
443 745 679 802 minime
702 742 1116 814 recolligendus
1142 743 1154 798 1
1190 762 1217 795 »
1241 745 1307 798 Et
1332 742 1380 798 si
1409 758 1537 813 pro-

400 822 488 873 ter
513 816 732 873 nullum
759 814 932 871 alium
962 813 1190 869 curiosa
1223 814 1412 870 facere
1445 814 1540 870 de-

356 833 548 956 fiereS,
581 891 792 958 quanto
816 884 998 956 magis
1024 884 1290 953 offendis,
1323 884 1370 940 si
1400 900 1533 955 pro-

355 959 482 1031 prio
517 963 677 1014 motu
714 958 788 1013 ad
834 958 1015 1013 solam
1064 956 1536 1028 complacentiam

350 1029 498 1087 talia
526 1030 687 1097 facis,
721 1028 918 1084 volens
955 1027 1138 1098 magis
1182 1028 1534 1099 complacere

361 1105 662 1169 creaturae,
705 1115 879 1170 quam
917 1098 1226 1156 Creatori?

435 1195 500 1228 10
556 1173 828 1227 GRAvn-AS
887 1187 1146 1227 SCANDALI
1208 1188 1245 1226 A
1302 1187 1536 1226 cmmms

359 1261 506 1299 mn.
537 1272 607 1284 —
640 1246 718 1297 Ex
750 1241 1062 1313 praemissis
1094 1240 1270 1311 igitur
1300 1246 1538 1313 apparet

358 1314 782 1384 aliquantulum
813 1313 874 1368 in
913 1311 1067 1383 quali
1117 1317 1174 1367 et
1207 1319 1417 1383 quanto
1437 1328 1536 1383 pe-

361 1384 546 1441 riculo
574 1384 644 1439 sit
681 1383 852 1439 hodie
891 1388 1070 1439 status
1095 1382 1451 1451 clericorum,
1483 1386 1538 1438 et

355 1458 581 1527 quanta
649 1470 753 1525 per
809 1469 908 1509 eos
958 1453 1193 1508 veniunt
1249 1454 1535 1523 scandala,

363 1529 752 1597 quantamque
780 1523 1232 1595 persecutionem
1265 1524 1540 1580 suscitant

361 1596 427 1654 in
454 1596 720 1652 Ecclesia.
751 1596 835 1650 Illi
879 1595 1036 1651 enim
1066 1612 1201 1651 vere
1229 1595 1538 1651 Ecclesiam

363 1673 804 1741 persequuntur,
869 1666 966 1737 qui
1039 1665 1191 1722 vitiis
1255 1673 1311 1722 et
1373 1666 1538 1722 malis

362 1738 640 1809 exemplis
662 1741 1100 1809 persequuntur.
1144 1737 1230 1792 Illi
1276 1738 1539 1794 acerbius

364 1809 707 1879 sanguinem
761 1809 1028 1877 fundunt,
1065 1808 1161 1889 qui
1229 1808 1537 1878 Christum,

360 1885 643 1952 quantum
682 1880 741 1934 in
779 1879 919 1951 ipsis
948 1884 1055 1948 est,
1084 1896 1145 1934 1n
1178 1879 1411 1936 homine
1441 1896 1539 1936 oc-

358 1952 578 2008 cidunt.
623 1951 782 2007 Unde
819 1951 973 2006 idem
1002 1953 1319 2006 Bernardus
1360 1970 1374 2006 :
1416 1973 1445 2002 «
1485 1949 1542 2007 Si

362 2022 641 2078 Dominus
681 2021 975 2092 proprium
1014 2021 1349 2092 sanguinem
1387 2021 1544 2077 dedit

361 2092 429 2153 in
471 2092 718 2164 pretium
755 2092 1162 2163 redemptionis
1196 2091 1539 2162 animarum,

367 2179 563 2221 nonne
606 2162 709 2219 tibi
737 2164 963 2219 videtur
1008 2163 1331 2234 graviorem
1371 2163 1545 2220 susci-

369 2238 495 2291 tare
523 2234 1000 2306 persecutionem,
1035 2234 1130 2305 qui
1178 2234 1543 2306 suggestione

361 2305 538 2375 mala,
588 2306 845 2377 exemplo
890 2305 1237 2377 pernicioso,
1289 2306 1543 2362 scandali

366 2378 689 2445 occasione,
717 2376 923 2434 avertit
947 2380 1019 2434 ab
1050 2395 1117 2434 eo
1148 2377 1370 2433 animas
1401 2393 1543 2448 quas

365 2448 630 2517 redemit,
660 2449 731 2503 ab
753 2448 851 2503 illo
879 2448 977 2519 qui
1007 2448 1344 2519 sanguinem
1374 2464 1544 2505 suum

358 2519 510 2575 fudit
533 2520 561 2575 ‘2
592 2541 620 2571 »
650 2522 717 2576 Et
742 2519 987 2575 iterum:
1023 2542 1053 2572 «
1083 2520 1241 2592 Quis,
1282 2521 1542 2588 obsecr0,

364 2589 644 2664 laicorum
728 2590 948 2647 avidius
1008 2591 1227 2647 clericis
1302 2591 1546 2662 acquirit

364 2661 728 2732 temporalia,
760 2665 818 2717 et
857 2660 1108 2732 ineptius
1141 2661 1322 2719 utitur
1353 2662 1546 2733 acqui-

361 2732 491 2788 sitis
519 2734 547 2787 ?
585 2734 726 2789 Cum
777 2737 1002 2789 tantum
1054 2735 1265 2790 fastum
1313 2733 1545 2790 videant

364 2803 497 2859 laici
521 2803 583 2859 in
602 2803 937 2875 supellectili
965 2804 1322 2873 clericorum,
1348 2821 1543 2861 nonne

366 2888 473 2944 per
509 2890 609 2929 eos
663 2874 853 2944 potius
904 2874 1215 2930 invitantur
1262 2877 1337 2930 ad
1376 2892 1542 2931 mun-

370 2943 509 2999 dum
519 2943 890 3012 diligendum,
910 2960 1079 3014 quam
1094 2945 1502 3016 negligendum
1514 2947 1543 3002 Ἰ

371 3015 604 3081 Medice,
627 3031 760 3068 cura
786 3016 1040 3083 teipsum,
1073 3015 1260 3071 dicere
1277 3021 1538 3087 possunt:

362 3083 422 3140 fisi
444 3085 722 3140 mundum
743 3084 1019 3156 praedicas
1040 3087 1538 3156 contemnendum,

369 3159 671 3212 contemne
701 3161 763 3211 tu
788 3155 966 3227 priuS,
1000 3158 1151 3213 etad
1178 3156 1366 3228 ipsum
1397 3158 1544 3217 alios

364 3226 660 3283 efficacius
700 3226 986 3284 invitabis,
1017 3231 1100 3284 Da
1149 3228 1273 3284 voci
1312 3234 1425 3285 tuae
1455 3246 1546 3286 vo-

365 3313 492 3355 cem
509 3298 753 3366 virtutis,
779 3304 1164 3370 consonetque
1189 3298 1305 3355 vita
1323 3300 1541 3370 verbis3

354 3374 425 3426 et
453 3368 648 3426 statim
669 3370 779 3426 erit
807 3370 867 3426 in
897 3387 996 3427 ore
1034 3376 1134 3427 tuo
1165 3370 1345 3441 vivax,
1377 3378 1429 3428 et
1458 3376 1547 3440 ef·

365 3444 516 3512 ficare
540 3457 714 3497 sermo
743 3445 864 3511 Dei,
894 3447 946 3497 et
972 3443 1367 3513 penetrabilior
1396 3445 1548 3499 omni

360 3513 559 3582 gladio
589 3517 842 3585 ancipiti.
876 3516 1001 3570 Non
1021 3512 1102 3569 sic
1133 3514 1388 3585 profecto
1422 3520 1542 3583 est3

368 3583 472 3638 sed
501 3582 923 3655 sicutpopulus,
957 3584 1039 3640 sic
1069 3586 1338 3642 sacerdos
1363 3603 1378 3654 3
1400 3586 1548 3641 sicut

370 3652 574 3719 laicuS,
605 3655 686 3709 sic
715 3660 772 3709 et
797 3655 1068 3725 clericus3
1102 3661 1342 3727 uterque
1370 3656 1544 3727 cupit,

370 3727 617 3803 uterque
655 3724 839 3797 diligit
876 3728 1172 3796 mundum,
1206 3735 1264 3782 et
1301 3744 1369 3783 ea
1419 3743 1546 3799 quae

365 3808 437 3849 m
465 3794 674 3850 mundo
705 3802 853 3853 sunt.
905 3798 1108 3853 Laicus
1163 3805 1357 3854 tamen
1416 3814 1546 3853 cum

372 3864 594 3943 labore,
625 3867 724 3922 sed
754 3866 942 3924 clerici
980 3870 1104 3925 sine
1139 3869 1335 3925 labore
1355 3869 1552 3924 volunt

372 3934 672 4010 possidere
712 3941 897 3993 totum
934 3941 1229 3996 mundum.
1283 3942 1551 3997 Commu-

372 4005 571 4087 nicare
603 4008 795 4087 volunt
825 4009 1120 4079 cupiditati
1160 4016 1217 4067 et
1246 4011 1551 4092 superflui-

366 4081 483 4134 tati
525 4079 840 4149 hominum,
872 4081 973 4136 sed
1004 4098 1117 4139 non
1153 4082 1375 4152 labor13
1419 4098 1552 4154 pec-

374 4149 756 4230 care-volunt,
800 4152 901 4207 sed
927 4168 1043 4208 non
1095 4154 1376 4224 flagellari
1425 4168 1557 4210 cum

370 4220 705 4277 hommibus
736 4240 749 4277 :
776 4224 927 4279 unde
952 4223 1270 4281 timendum
1298 4229 1386 4281 est
1407 4224 1557 4296 quod

370 4291 740 4363 flagellentur
795 4311 927 4351 cum
983 4296 1360 4354 daemonibus.
1416 4297 1563 4362 Quo·

370 4364 551 4421 modo
617 4366 905 4424 seculares
972 4384 1094 4424 non
1175 4367 1561 4440 expenderent

2736 423 2825 476 183

1645 527 2024 584 substantiam
2053 542 2214 582 suam
2241 526 2480 584 vivendo
2511 527 2821 602 luxuriose,

1648 599 1819 655 etiam
1844 598 1902 652 in
1922 598 2226 669 praesentia
2249 600 2647 655 sacerdotum?
2676 601 2823 667 Quo-

1647 670 1817 725 modo
1850 685 1964 724 non
1994 667 2360 724 intenderent
2391 669 2737 727 vanitatibus
2767 677 2825 729 et

1647 740 1944 797 lenociniis
1996 739 2164 809 hujus
2223 739 2395 794 seculi
2430 740 2459 795 ‘?
2527 742 2822 807 Quomodo

1648 828 1768 868 non
1799 814 1986 867 essent
2031 810 2341 866 insolentes
2391 815 2449 865 et
2490 811 2644 880 elati,
2691 828 2824 869 cum

1647 887 1873 939 tantum
1912 883 2145 949 fastum,
2193 885 2412 936 tantam
2453 880 2820 940 insolentiam

1649 954 1880 1010 videant
1932 953 2267 1009 clericorum
2290 952 2318 1008 ‘2
2355 955 2551 1009 Nonne
2584 953 2645 1008 in
2681 970 2824 1025 prae·

1648 1025 1834 1081 sentia
1866 1040 2064 1080 eorum
2101 1024 2482 1079 irreverenter
2521 1024 2823 1082 abutimini

1651 1095 2027 1166 eleemosynis
2048 1110 2365 1166 pauperum
2384 1095 2411 1150 ⁶?
2442 1097 2520 1151 De
2547 1096 2821 1166 patrimo-

1652 1168 1749 1223 nio
1779 1167 1962 1223 crucis
1988 1166 2196 1223 Christi
2226 1181 2341 1222 non
2379 1165 2565 1221 facitis
2596 1168 2823 1225 codices

1651 1239 1712 1294 in
1735 1237 1988 1294 ecclesiis
2018 1255 2031 1306 ;
2061 1238 2162 1293 sed
2189 1236 2418 1307 pascitis
2445 1238 2697 1308 pelliceS,
2718 1238 2821 1295 im-

1650 1309 1940 1381 pinguatis
1965 1324 2158 1377 canes,
2191 1308 2482 1364 adornatis
2527 1324 2725 1379 equoS.
2754 1312 2823 1366 Et

1652 1397 1784 1436 vere
1826 1381 1887 1435 in
1929 1379 2208 1451 capitibus
2250 1379 2516 1436 omnibus
2566 1380 2825 1437 omnium

1648 1453 1969 1523 platearum
1999 1453 2238 1522 dispersi
2281 1456 2410 1506 sunt
2447 1453 2660 1522 lapides
2689 1468 2823 1508 san-

1647 1526 1872 1578 ctuarii.
1908 1524 2116 1578 Plateae
2145 1523 2276 1578 latae
2315 1526 2470 1590 sunt,
2503 1527 2559 1578 et
2587 1523 2701 1578 lata
2738 1527 2826 1579 est

1652 1593 1764 1663 via,
1799 1610 1928 1665 quae
1970 1594 2123 1649 ducit
2162 1593 2244 1649 ad·
2281 1598 2541 1649 mortem.
2584 1594 2824 1665 Lapides

1650 1681 1789 1735 ergo
1841 1664 2171 1733 sanctuarii,
2227 1664 2287 1720 id
2335 1668 2420 1720 est
2474 1666 2822 1735 sacerdoteS,

1654 1740 1789 1791 sunt
1831 1735 1890 1790 in
1920 1735 2220 1806 capitibus,
2252 1734 2311 1790 id
2340 1740 2427 1791 est
2482 1735 2543 1790 in
2583 1736 2824 1793 introitu

1653 1807 1898 1862 latarum
1924 1806 2145 1862 viarum
2173 1824 2186 1875 ;
2222 1806 2428 1862 docent
2457 1810 2608 1863 enim
2648 1824 2825 1879 popu-

1654 1877 1741 1933 los
1769 1894 1872 1949 per
1908 1894 2083 1948 prava
2111 1878 2369 1948 exempla
2426 1876 2650 1947 ingredi
2701 1878 2824 1935 vias

1654 1947 1818 2017 lataS,
1855 1965 1983 2019 quae
2014 1950 2228 2005 ducunt
2256 1949 2328 2005 ad
2353 1953 2617 2019 mortem,
2649 1956 2707 2005 et
2731 1950 2827 2006 de-

1655 2025 1922 2090 mergunt
1940 2021 2000 2075 in
2018 2020 2365 2091 profundum
2387 2020 2613 2076 inferni.
2656 2020 2830 2077 Dolor

1656 2090 1858 2160 capitis
1887 2090 1949 2145 in
1978 2093 2236 2146 membra
2263 2092 2564 2146 redundat.
2599 2094 2666 2146 Et
2709 2107 2829 2147 me-

1653 2161 1766 2217 rito
1818 2161 2025 2217 clamat
2063 2166 2259 2217 sancta
2312 2161 2563 2217 Ecclesia
2611 2162 2826 2219 hodie:

1655 2236 1792 2288 Ecce
1814 2235 1875 2287 in
1901 2248 2036 2303 pace
2058 2234 2370 2287 amaritudo
2404 2249 2523 2287 mea
2549 2235 2832 2290 amarissi-

1655 2320 1765 2359 ma.
1828 2304 2007 2359 Multa
2045 2308 2131 2360 est
2158 2303 2329 2359 hodie
2371 2307 2427 2359 et
2478 2303 2644 2373 longe
2698 2319 2831 2374 gra-

1655 2374 1801 2443 vior,
1850 2391 2024 2446 quam
2067 2375 2220 2431 credi
2276 2374 2475 2446 possit,
2509 2375 2828 2446 persecutio

1657 2450 1868 2502 sanctae
1923 2445 2229 2516 Ecclesiae3
2286 2451 2345 2502 et
2372 2446 2504 2502 talis
2556 2445 2833 2502 incumbit

1656 2519 1841 2590 qualis
1874 2535 1990 2574 non
2046 2519 2150 2574 fuit
2199 2534 2234 2574 a
2292 2518 2592 2590 principio,
2637 2518 2829 2576 Multis

1657 2589 1843 2645 modis
1894 2594 2224 2660 persecutus
2262 2595 2349 2645 est
2383 2606 2509 2646 eam
2552 2589 2831 2657 diabolu3‚

1657 2661 1759 2716 sed
1789 2675 2098 2729 numquam
2127 2660 2355 2730 gravius
2415 2677 2586 2731 quam
2619 2660 2828 2731 hodie;

1643 2731 1793 2802 quia
1831 2747 2142 2802 numquam
2191 2730 2297 2787 fuit
2341 2733 2527 2803 major
2585 2730 2832 2802 perditio

1655 2801 2130 2872 Christianorum,
2185 2819 2288 2859 nec
2341 2803 2577 2859 liberior
2606 2807 2707 2858 aut
2740 2818 2830 2859 se-

1655 2875 1844 2930 curior
1874 2873 2253 2946 transgressio
2273 2873 2593 2930 divinorum
2622 2888 2835 2944 praece-

1653 2949 1901 3017 ptorum.
1927 2946 2238 3000 Ecclesiam
2266 2944 2633 3014 incipientem
2654 2959 2839 3013 perse-

1655 3020 1817 3071 cutus
1847 3019 1933 3070 est
1969 3030 2073 3086 per
2103 3021 2409 3086 tyrannos;
2438 3013 2839 3095 proficientem

1653 3091 1986 3159 persecutus
2015 3089 2100 3142 est
2131 3102 2233 3157 per
2252 3086 2550 3140 haereticos
2574 3102 2587 3153 ;
2607 3086 2728 3156 jam
2748 3085 2842 3141 lae-

1654 3165 1774 3214 tam
1800 3162 1853 3212 et
1881 3159 2178 3213 florentem
2200 3156 2561 3228 persequitur
2587 3172 2688 3227 per
2714 3172 2837 3212 mo·

1656 3234 1748 3285 tus
1771 3228 1999 3284 illicitos
2034 3246 2047 3284 :
2085 3248 2112 3282 »
2140 3230 2264 3284 haec
2281 3229 2615 3283 BernarduS.
2636 3228 2837 3284 Adhuc

1656 3305 1848 3356 autem
1880 3316 2057 3356 unum
2087 3301 2158 3356 de
2189 3299 2408 3356 clericis
2438 3300 2499 3356 in
2543 3300 2658 3355 fine
2706 3300 2841 3356 sub-

1651 3372 1836 3443 jungo
1866 3372 2203 3443 exemplum.
2235 3371 2488 3428 Clericus
2520 3371 2752 3443 quidam
2781 3371 2843 3427 in

1658 3443 1876 3513 synodo
1928 3443 2179 3515 plurium
2235 3443 2642 3515 Episcoporum
2689 3458 2841 3514 prae-

1657 3514 1851 3571 dicare
1878 3517 2225 3587 compulsus,
2256 3515 2689 3586 angustiabatur
2719 3528 2840 3569 non

1658 3586 1965 3655 modicum,
2003 3588 2274 3659 quidnam
2308 3588 2479 3656 digne
2516 3586 2711 3656 posset
2747 3599 2837 3639 co-

1658 3673 1783 3712 ram
1812 3662 1896 3712 tot
1926 3659 2185 3715 Ecclesiae
2221 3657 2472 3739 praelatis
2501 3653 2838 3734 praedicare.

1660 3728 1753 3796 At,
1769 3728 1862 3783 ubi
1881 3745 2211 3785 accessurus
2229 3745 2291 3783 m
2312 3727 2592 3804 oratione,
2604 3727 2822 3804 jaceret

1661 3797 1819 3852 venit
1846 3799 1918 3852 ad
1939 3816 2068 3854 eum
2101 3799 2383 3866 diaboluS,
2404 3802 2462 3853 et
2481 3795 2619 3852 dixit
2639 3811 2656 3874 ‚²
2691 3795 2797 3860 Qu1

1661 3868 2009 3937 angustiaris
2055 3870 2181 3926 istis
2213 3868 2433 3924 clericis
2516 3866 2789 3921 raedicare
2812 3864 2841 3920 ‘1

1664 3938 1766 3994 Dic
1784 3938 1867 3994 eis
1906 3938 2078 4008 istud,
2108 3946 2165 3995 et
2190 3956 2305 3994 non
2338 3937 2453 3994 aliu
2498 3955 2512 3993 t
2566 3935 2839 4007 Princeps

1663 4009 1876 4065 ‘inferni
1931 4010 2139 4066 salutat
2195 4009 2376 4081 princi
2420 4025 2481 4064 es
2549 4006 2836 4063 Ecclesiae.

1668 4080 1808 4137 Laeti
1859 4097 2061 4137 omnes
2113 4097 2221 4137 nos
2284 4078 2368 4136 eis
2411 4096 2503 4137 em
2541 4077 2843 4135 referimus

1671 4151 1907 4225 gratiaS,
1932 4152 2068 4223 quia
2084 4169 2187 4224 per
2209 4167 2410 4209 eorum
2430 4149 2845 4221 negligentiam

1674 4224 1747 4280 ad
1787 4240 1891 4279 nos
1911 4224 2030 4280 fere
2060 4229 2215 4282 totus
2236 4223 2479 4279 mundus
2504 4221 2843 4291 devolvitur,

1676 4294 1811 4366 quia
1841 4311 1969 4353 cum
1991 4295 2128 4367 ipsis
2157 4294 2410 4369 praelatis
2449 4294 2615 4351 nobis
2645 4307 2846 4350 eorum

1675 4367 1891 4426 subditi
1965 4368 2183 4440 pariter
2232 4368 2577 4425 offeruntur.
2628 4364 2845 4423 Invitus
