3146 5023
384 452 480 504 234
1094 449 1313 501 PRIMA!
1367 448 1610 502 PARTIS
1664 446 1873 501 CAPUT
1927 446 2147 500 LXXVI

383 556 522 614 tiam
555 571 571 613 ε
611 555 711 629 qui
742 555 895 613 enim
942 554 1064 612 vult
1110 554 1374 612 ordinate
1400 554 1554 612 elee-

382 643 679 701 mosynam
707 627 864 696 dare,
894 626 954 684 id
987 632 1074 683 est
1104 625 1554 683 misericordiam

383 701 592 770 facere,
643 716 677 756 a
732 697 920 768 seipso
960 698 1131 755 debet
1180 698 1453 781 incipere,
1499 704 1558 755 et

383 787 510 829 eam
546 770 731 844 primo
762 770 869 826 sibi
905 771 1061 827 dare.
1093 771 1191 826 Est
1221 786 1374 827 emm
1405 770 1553 827 elee-

381 858 618 914 mosyna
681 857 850 897 omne
925 857 1068 924 opus
1125 840 1552 898 misericordiae.

383 914 541 971 Unde
565 912 627 968 in
658 911 1048 969 Ecclesiastico
1084 911 1331 969 dicitur:
1379 916 1554 968 Mise-

379 1001 499 1042 rere
529 986 728 1040 animae
756 989 863 1040 tuae
903 989 1127 1056 placens
1157 988 1284 1040 Deo.
1327 985 1555 1040 Nullum

381 1056 534 1113 enim
562 1072 703 1127 opus
733 1055 982 1112 hominis
1022 1059 1139 1114 Deo
1178 1057 1401 1126 placere
1434 1061 1554 1127 pot-

380 1134 487 1198 est,
518 1127 627 1184 nisi
674 1126 795 1198 ipse
837 1127 994 1199 prius
1029 1128 1269 1198 placeat.
1302 1127 1464 1184 Unde
1495 1126 1554 1183 iu

382 1200 587 1257 Genesi
616 1198 873 1270 legimus,
907 1199 1058 1269 quod
1095 1200 1244 1253 Deus
1273 1200 1431 1269 prius
1459 1215 1553 1255 re·

380 1270 560 1344 spexit
588 1270 661 1327 ad
685 1270 823 1327 Abel
852 1286 1021 1342 quam
1050 1269 1122 1326 ad
1154 1285 1388 1326 munera
1408 1271 1549 1341 ejuS.

379 1345 448 1399 Et
473 1350 607 1399 tunc
636 1347 916 1413 superest,
947 1346 1009 1398 ut
1038 1341 1134 1412 qui
1152 1340 1397 1413 propriae
1428 1342 1556 1398 sub-

383 1413 538 1471 venit
584 1413 853 1483 miseriae,
894 1413 1190 1470 subveniat
1227 1419 1284 1470 et
1325 1413 1550 1482 alienae,

381 1486 571 1542 dando
600 1486 1018 1558 eleemosynam
1051 1486 1453 1557 procedentem
1486 1501 1553 1541 ex

380 1557 495 1614 fide
519 1563 577 1613 et
600 1557 836 1614 caritate
861 1574 876 1626 ;
906 1562 961 1613 et
991 1557 1074 1614 sic
1101 1573 1205 1629 per
1233 1555 1554 1612 misericor-

379 1628 533 1685 diam
582 1628 668 1685 sui
720 1633 777 1684 et
819 1627 1060 1700 proximi
1099 1627 1294 1684 omnia
1340 1626 1552 1684 munda

381 1705 512 1757 sunt
549 1705 605 1757 et
641 1700 800 1755 nulla
847 1706 1093 1756 mentem
1127 1698 1445 1769 inquinant,
1494 1704 1553 1755 et

377 1770 732 1827 immundam
764 1769 994 1828 faciunt.
1039 1772 1184 1841 Ergo
1228 1769 1550 1826 misericor-

378 1842 472 1898 dia
491 1847 547 1897 et
570 1840 802 1897 abolitio
822 1840 1037 1913 peccati
1060 1840 1406 1910 promittitur
1425 1857 1550 1897 om-

376 1911 541 1969 nibus
553 1911 1005 1968 misericordiam
1017 1910 1372 1968 facientibuS.
1390 1912 1551 1979 Quod

377 1983 569 2054 itaque
598 1982 693 2039 hic
707 1982 935 2050 dicitur,
953 1983 1082 2039 date
1104 1983 1548 2055 eleemosynam,

377 2055 449 2113 ad
471 2053 663 2111 omnia
689 2070 813 2126 quae
834 2053 957 2111 utili
986 2054 1353 2112 miseratione
1385 2055 1549 2124 fiunt,

376 2127 545 2183 valet.
579 2129 696 2183 Non
737 2125 890 2183 enim
931 2127 1114 2183 solum
1154 2127 1252 2198 qui
1290 2127 1389 2183 dat
1423 2143 1550 2183 esu-

377 2198 547 2256 rienti
576 2198 786 2269 cibum,
817 2204 876 2255 et
904 2204 1093 2256 cetera
1122 2198 1546 2271 hujuscemodi;

376 2270 752 2327 verumetiam
789 2279 848 2326 et
886 2269 980 2341 qui
1018 2271 1117 2327 dat
1148 2286 1374 2326 veniam
1407 2285 1552 2340 pec-

377 2344 548 2410 canti,
571 2347 742 2410 atque
762 2346 888 2397 orat
944 2357 1005 2397 ro
1029 2358 1096 2397 eo
1120 2358 1133 2409 ;
1168 2343 1335 2411 etqui
1360 2339 1550 2395 corri-

375 2411 478 2484 pit,
501 2416 556 2467 et
581 2411 694 2466 alia
715 2427 880 2466 emen
925 2411 1108 2466 atoria
1137 2427 1309 2482 poena
1334 2410 1549 2482 plectit,

376 2482 796 2554 eleemosynam
822 2481 937 2538 dat.
975 2481 1130 2539 Unde
1155 2482 1236 2540 ait
1267 2484 1552 2551 Auqustz'-

375 2571 515 2611 nus:
540 2576 567 2605 «
589 2554 797 2611 Facere
818 2555 1238 2625 eleemosynam
1261 2560 1346 2612 est
1367 2557 1550 2611 facere

378 2625 849 2683 misericordiam.
876 2628 933 2683 Si
953 2626 1244 2698 intelligiS,
1267 2643 1302 2683 a
1327 2633 1382 2684 te
1407 2626 1549 2683 inci-

379 2715 468 2769 pe.
493 2699 788 2766 Quomodo
809 2698 961 2755 enim
983 2698 1308 2756 misericors
1326 2716 1387 2756 es
1408 2698 1550 2755 alte-

376 2769 448 2839 ri,
469 2770 515 2825 si
539 2769 784 2826 crudelis
802 2786 862 2827 es
879 2770 1018 2827 tibi?
1035 2770 1178 2827 Audi
1201 2771 1550 2842 Scripturam

378 2841 661 2898 dicentem
698 2859 712 2897 z
764 2845 1022 2897 Miserere
1050 2845 1248 2897 animae
1287 2848 1390 2897 tuae
1425 2844 1549 2912 pla-

376 2929 498 2970 cens
524 2918 652 2969 Deo,
684 2914 825 2970 Redi
854 2913 928 2970 ad
957 2913 1363 2971 conscientiam
1391 2917 1548 2969 tuam

378 2985 724 3058 quicumque
749 2986 895 3042 male
920 2991 1019 3042 aut
1045 2985 1356 3042 infideliter
1386 2984 1549 3054 viviS,

377 3061 436 3112 et
463 3057 540 3114 ibi
580 3057 835 3114 invenies
861 3057 1281 3115 mendicantem
1298 3055 1553 3114 animam

378 3132 556 3196 tuam,
597 3127 853 3186 invenies
888 3136 1172 3201 egentem,
1218 3143 1549 3199 pauperem,

377 3214 792 3268 aerumnosam3
817 3199 1073 3256 invenies
1089 3201 1233 3256 sorte
1254 3216 1360 3255 nec
1385 3215 1553 3270 egen-

376 3272 514 3333 tem,
560 3268 660 3322 sed
730 3275 983 3340 egestate
1041 3271 1547 3326 obmutescentem.

377 3337 612 3403 Quando
650 3337 937 3395 inveneris
975 3341 1225 3396 animam
1258 3341 1429 3395 talem
1459 3339 1548 3395 in-

378 3414 468 3464 tus
495 3405 556 3461 in
593 3408 765 3463 corde
801 3413 920 3471 tuo,
953 3410 1036 3464 illi
1071 3412 1159 3465 fac
1204 3411 1363 3481 prius
1389 3410 1551 3465 elee—

379 3493 694 3549 mosynam.
738 3478 798 3533 In
829 3478 1046 3550 Judicio
1087 3485 1144 3535 et
1186 3480 1423 3534 caritate
1463 3481 1551 3535 sac

379 3551 802 3622 eleemosynam
841 3567 965 3606 cum
1000 3549 1191 3604 anima
1241 3554 1357 3604 tua.
1406 3549 1550 3617 Quid

379 3626 467 3682 est
487 3621 764 3695 judicium
785 3622 813 3677 ‘2
839 3620 1083 3694 Displice
1122 3618 1247 3676 tibi.
1289 3619 1436 3687 Quid
1465 3628 1553 3677 est

379 3694 632 3753 caritas?
681 3692 864 3765 Dilige
905 3695 1102 3760 Deum,
1139 3690 1313 3774 dilige
1351 3692 1552 3763 proxi-

379 3783 554 3824 mum.
587 3768 743 3823 Hanc
779 3766 1199 3839 eleemosynam
1229 3778 1275 3819 si
1315 3771 1552 3846 praeter-

382 3838 579 3908 mittis,
608 3837 973 3911 quantumvis
1002 3847 1180 3904 ames,
1216 3835 1359 3891 nih11
1389 3835 1551 3906 facis,

379 3911 606 4039 quando
633 3917 824 3969 tecum
843 3910 1002 3984 prius
1024 3926 1141 3968 non
1165 3907 1303 3966 facis
1331 3925 1344 3963 z
1369 3928 1398 3959 »
1431 3909 1553 3965 haec

435 3986 753 4052 agustinus.

450 4060 483 4123 4
522 4056 967 4114 RnnAneuuNTnn
1008 4055 1279 4112 PnAmsm
1314 4072 1555 4111 paor-rna

377 4143 670 4182 AVAmnAn
711 4146 775 4183 m·
827 4145 1196 4185 cummi-Aren.
1230 4159 1300 4169 --
1325 4129 1392 4182 Et
1422 4129 1555 4197 quia

356 4235 362 4240 -
380 4198 653 4254 Pharisaei
675 4214 738 4254 ex
759 4198 1039 4270 hypocrisi
1065 4215 1177 4255 non
1198 4199 1379 4255 solum
1396 4214 1551 4269 quae-

380 4269 582 4324 rebant
642 4275 979 4326 exteriorem
1037 4271 1374 4326 munditiam
1396 4312 1410 4339 ,
1452 4271 1551 4326 sed

379 4336 552 4393 etiam
583 4345 954 4410 apparentem
979 4341 1260 4411 justitiam
1299 4357 1365 4396 ac
1399 4340 1551 4396 deci-

380 4423 501 4470 mas
526 4408 762 4481 dabant,
784 4417 957 4481 atque
985 4409 1396 4482 eleemosynam
1422 4410 1553 4466 faci·

1670 553 1864 624 ebant,
1902 558 2249 625 putaverunt
2280 554 2572 612 Christum
2601 555 2860 614 inaniter

1668 625 1847 697 loqui,
1878 626 2041 697 quasi
2059 625 2142 682 eis
2163 625 2260 697 qui
2288 627 2711 700 eleemosynam
2737 645 2860 685 non

1669 698 1957 766 facerent;
1990 705 2047 753 et
2076 714 2206 754 eum
2235 697 2295 755 in
2317 699 2583 756 cordibus
2610 702 2730 756 suis
2762 700 2858 757 de·

1671 768 1952 826 ridebant.
1984 771 2108 825 Nou
2145 770 2329 826 solum
2373 770 2527 826 enim
2572 770 2855 842 triticum,

1669 842 1865 898 vinum
1898 847 1954 896 et
1984 841 2193 903 oleum.
2235 842 2334 897 sed
2373 841 2547 898 etiam
2587 859 2677 898 res
2713 860 2856 900 con-

1668 912 2036 981 temptibiles,
2059 912 2275 969 scilicet
2303 913 2612 985 cyminum,
2637 919 2852 979 rutam,

1670 985 1982 1054 mentham,
2012 989 2069 1040 et
2103 984 2431 1056 huJusmodi
2465 985 2855 1055 decimabant,

1668 1062 1726 1111 et
1754 1056 1822 1111 de
1852 1057 2083 1112 residuo
2109 1059 2525 1128 eleemosynam
2543 1057 2853 1127 faciebant,

1669 1127 1821 1196 quod
1883 1143 2001 1183 nou
2070 1128 2236 1184 facile
2299 1128 2433 1184 facit
2496 1129 2855 1186 Christianus

1668 1198 1876 1269 aliquis
1907 1217 1920 1254 :
1959 1206 2019 1254 ut
2049 1216 2151 1268 per
2179 1201 2288 1255 hoc
2319 1204 2662 1271 apparerent
2687 1200 2850 1272 Justi,

1710 1269 1831 1326 nasi
1861 1271 2102 1327 volendo
2135 1270 2372 1341 implere
2390 1271 2723 1328 mandatum
2748 1271 2852 1328 Dei

1707 1358 1737 1395 e
1788 1341 2022 1398 decimis
2074 1343 2404 1412 reddendiS,
2466 1343 2637 1399 etiam
2694 1342 2850 1399 circa

1669 1412 1934 1482 minima;
1963 1421 2023 1469 ut
2052 1430 2154 1485 per
2180 1415 2288 1470 hoc
2308 1414 2677 1471 crederentur
2706 1414 2848 1470 mul-

1665 1489 1787 1540 tum
1821 1485 2123 1543 voluntarii
2163 1487 2237 1542 ad
2276 1485 2624 1556 implendum
2657 1485 2851 1541 divina

1666 1556 1956 1624 mandata,
1996 1573 2123 1613 cum
2173 1561 2366 1613 tamen
2417 1562 2613 1613 essent
2656 1561 2850 1613 trans-

1667 1644 1960 1698 gressores
2005 1628 2061 1683 in
2096 1628 2406 1698 majoribus
2425 1646 2441 1697 ;
2475 1634 2532 1684 et
2570 1633 2632 1684 ut
2663 1628 2734 1684 de
2768 1627 2853 1684 eis

1663 1698 1948 1756 diceretur
1975 1715 2010 1755 a
2042 1699 2385 1767 videntibuS,
2413 1699 2688 1769 quoniam
2728 1715 2853 1756 om-

1665 1770 1823 1826 nium
1875 1770 2124 1826 decimas
2169 1770 2330 1837 dant,
2365 1769 2462 1839 qui
2513 1772 2687 1825 etiam
2726 1772 2854 1827 ole-

1663 1857 1789 1898 rum
1842 1840 2089 1896 decimas
2146 1840 2283 1896 dare
2340 1856 2457 1896 non
2513 1839 2855 1911 negligunt.

1665 1912 1940 1970 Dominus
1969 1928 2126 1980 vero,
2156 1910 2465 1983 cogitatum
2497 1927 2698 1967 eorum
2736 1912 2853 1969 sci-

1665 2001 1792 2048 ens,
1823 1983 2134 2055 subjunxit,
2168 1982 2367 2040 dicens
2403 2000 2418 2038 t
2450 1984 2581 2047 Sed,
2609 1999 2716 2050 vae,
2746 1985 2854 2040 sci-

1665 2056 1798 2112 licet
1852 2055 2255 2125 damnationis,
2315 2056 2470 2110 vobis
2520 2056 2842 2121 Pharisaei&

1665 2131 1767 2198 qui
1817 2130 2106 2184 decimatis
2136 2129 2436 2196 mentham,
2468 2130 2519 2181 et
2558 2131 2767 2195 rutam,
2796 2132 2848 2182 et

1663 2215 1818 2254 omne
1844 2201 1983 2266 olus,
2021 2199 2237 2255 scilicet
2266 2198 2485 2254 minuta
2515 2202 2570 2253 et
2594 2202 2844 2253 contem·

1662 2269 1885 2341 ptibilia
1931 2270 2216 2325 fructuum
2247 2276 2588 2335 vestrorum,
2617 2274 2668 2324 et
2704 2286 2845 2340 prae-

1664 2344 1842 2395 teritis
1885 2340 2148 2410 graviora
2178 2340 2363 2410 Legis,
2399 2340 2613 2396 scilicet
2634 2341 2847 2409 ,iudici-

1661 2428 1753 2467 um
1793 2419 1849 2466 et
1878 2410 2180 2483 Justitiam,
2215 2411 2622 2480 subvertendO,
2661 2416 2719 2467 et
2756 2428 2845 2467 ca-

1660 2486 1883 2540 ritatem
1909 2486 2028 2554 Dei,
2053 2499 2228 2556 opera
2249 2481 2656 2540 misericordiae
2681 2481 2845 2539 omit-

1662 2556 1858 2613 tendo,
1901 2558 2026 2612 Non
2057 2561 2143 2612 est
2173 2557 2282 2612 hoc
2311 2556 2497 2612 facere
2529 2554 2846 2611 misericor·

1665 2628 1817 2684 diam
1875 2632 1933 2684 et
1992 2629 2458 2699 eleemosynam:
2500 2630 2625 2682 Haec
2667 2628 2840 2691 enim,

1662 2699 1878 2755 scilicet
1900 2697 2178 2769 Judicium
2214 2703 2271 2754 et
2315 2698 2634 2765 caritatem,
2670 2714 2844 2769 opor-

1662 2773 1772 2826 tuit
1832 2773 2050 2837 faeere,
2088 2769 2274 2841 primo
2330 2770 2476 2839 loc0,
2533 2769 2668 2840 quia
2719 2770 2844 2825 haec

1661 2846 1946 2923 praecepta
2000 2847 2132 2898 sunt
2178 2842 2251 2897 ad
2302 2841 2402 2898 Dei
2435 2842 2754 2911 honorem;
2792 2845 2846 2896 et

1662 2913 2003 2984 illa,scilicet
2029 2912 2308 2970 decimam
2327 2917 2386 2969 et
2399 2913 2843 2983 eleemosynam,

1662 3001 1770 3041 non
1802 2988 2067 3049 omittere,
2101 3001 2227 3069 quae
2286 2992 2415 3041 sunt
2452 2984 2525 3040 ad
2567 2983 2846 3039 sacerdo—

1666 3063 1782 3113 tum
1813 3062 1869 3112 et
1897 3059 2138 3125 proximi
2170 3056 2589 3113 necessitatem.
2626 3055 2728 3110 Illa
2755 3055 2843 3111 fa-

1664 3127 1794 3197 cite,
1823 3132 1880 3184 et
1904 3128 2013 3184 ista
2041 3127 2376 3199 praeponite.
2406 3129 2530 3183 Non
2559 3126 2710 3182 enim
2744 3142 2846 3196 per

1663 3200 2101 3269 eleemosynam,
2150 3198 2359 3253 emitur
2416 3197 2725 3267 impunitas
2781 3196 2845 3253 in

1661 3275 1892 3340 peccato
1920 3276 1976 3323 et
1994 3268 2292 3337 iniquitate
2316 3268 2701 3324 manentibus„
2736 3270 2844 3325 De-

1660 3339 1938 3394 cimantes
1962 3337 2135 3407 igitur
2162 3344 2216 3392 et
2247 3337 2666 3406 eleemosynam
2694 3339 2846 3395 saci—

1660 3415 1839 3475 onteS,
1865 3407 2145 3463 exteriora
2166 3408 2546 3474 mundabant3
2577 3409 2676 3462 sed
2707 3410 2848 3480 quia

1654 3478 1930 3551 judicium
1945 3485 2001 3533 et
2014 3477 2309 3533 caritatem
2324 3477 2843 3550 relinquebant,iu-

1659 3549 1873 3605 teriora
1902 3564 2016 3604 non
2056 3550 2432 3605 mundabant.
2466 3549 2693 3621 Optime
2727 3569 2842 3609 au-

1659 3629 1775 3677 tem
1806 3620 2233 3691 conjunguntur
2268 3620 2546 3693 judicium
2591 3626 2647 3679 et
2682 3623 2843 3679 cari-

1659 3698 1767 3762 taS,
1798 3691 1935 3763 quia
1944 3691 2224 3762 judicium
2249 3693 2372 3749 sine
2394 3692 2631 3750 caritate
2657 3694 2844 3764 vergit

1658 3764 1721 3821 in
1760 3764 2191 3836 crudelitatem,
2232 3764 2439 3821 caritas
2475 3763 2599 3821 sine
2624 3764 2840 3847 Judicio

1660 3837 1721 3893 in
1754 3835 2183 3905 remissioncm3
2220 3835 2426 3892 caritas
2460 3852 2589 3892 cum
2622 3835 2839 3908 Judicio

1661 3909 1722 3965 in
1746 3910 2094 3980 aequitatem.
2118 3908 2273 3965 Istud
2294 3913 2485 3964 autem
2508 3907 2578 3962 de
2597 3906 2840 3963 decima-

1661 3980 1815 4037 tione
1851 3984 2039 4052 potest
2082 3979 2384 4051 dupliciter
2419 3978 2678 4050 intelligi.
2715 3980 2837 4034 Uno

1661 4052 1830 4108 modo
1886 4058 2144 4121 respectu
2182 4050 2289 4120 sui,
2323 4049 2455 4122 quia
2499 4049 2628 4106 licet
2671 4049 2835 4104 mini-

1662 4124 1764 4180 stri
1793 4124 1989 4191 templi
2027 4122 2348 4194 acciperent
2385 4120 2635 4178 decimas
2663 4137 2697 4177 a
2733 4137 2834 4192 po-

1701 4198 1815 4265 ulo,
1850 4204 2038 4252 tamen
2069 4194 2138 4250 de
2173 4193 2287 4250 illis
2320 4192 2564 4262 acceptis
2592 4209 2627 4248 a
2655 4207 2835 4263 popu-

1661 4212 1740 4337 Fo,
1771 4267 1923 4324 etde
1953 4266 2041 4322 his
2071 4281 2199 4337 quae
2238 4265 2525 4322 habebant
2556 4280 2620 4320 ex
2642 4264 2838 4344 labore

1663 4355 1767 4395 suo
1792 4380 1806 4407 ,
1864 4337 2113 4393 docimas
2186 4336 2499 4392 reddebant
2557 4334 2837 4391 sacerdon

1662 4423 1887 4466 summo
1904 4423 1920 4478 ;
1940 4413 1998 4464 et
2017 4408 2144 4463 ideo
2166 4406 2240 4463 ad
2265 4405 2688 4463 simulationem
2707 4420 2835 4463 sau-
