<?xml version="1.0" encoding="UTF-8"?>
<!DOCTYPE html PUBLIC "-//W3C//DTD XHTML 1.0 Transitional//EN"
    "http://www.w3.org/TR/xhtml1/DTD/xhtml1-transitional.dtd">
<html xmlns="http://www.w3.org/1999/xhtml" xml:lang="en" lang="en">
 <head>
  <title>
</title>
<meta http-equiv="Content-Type" content="text/html;charset=utf-8" />
  <meta name='ocr-system' content='tesseract 3.04.00' />
  <meta name='ocr-capabilities' content='ocr_page ocr_carea ocr_par ocr_line ocrx_word'/>
</head>
<body>
  <div class='ocr_page' id='page_1' title='image "./vitajesuchristi02rigogoog_0208.png"; bbox 0 0 3146 5023; ppageno 0'>
   <div class='ocr_carea' id='block_1_1' title="bbox 340 396 2067 451">
    <p class='ocr_par' dir='ltr' id='par_1_1' title="bbox 340 396 2067 451">
     <span class='ocr_line' id='line_1_1' title="bbox 340 396 2067 451; baseline -0.001 -1"><span class='ocrx_word' id='word_1_1' title='bbox 340 399 429 451; x_wconf 82' lang='lat'>194</span> <span class='ocrx_word' id='word_1_2' title='bbox 1079 397 1300 449; x_wconf 80' lang='lat' dir='ltr'>PRIMAE</span> <span class='ocrx_word' id='word_1_3' title='bbox 1355 397 1594 450; x_wconf 78' lang='lat' dir='ltr'>PARTIS</span> <span class='ocrx_word' id='word_1_4' title='bbox 1649 396 1858 448; x_wconf 73' lang='lat' dir='ltr'>CAPUT</span> <span class='ocrx_word' id='word_1_5' title='bbox 1916 397 2067 449; x_wconf 87' lang='lat' dir='ltr'>LXX</span> 
     </span>
    </p>
   </div>
   <div class='ocr_carea' id='block_1_2' title="bbox 303 501 1519 4417">
    <p class='ocr_par' dir='ltr' id='par_1_2' title="bbox 328 501 1519 2210">
     <span class='ocr_line' id='line_1_2' title="bbox 337 501 1517 574; baseline -0.002 -14"><span class='ocrx_word' id='word_1_6' title='bbox 337 505 421 562; x_wconf 81' lang='lat' dir='ltr'>vit</span> <span class='ocrx_word' id='word_1_7' title='bbox 449 504 601 574; x_wconf 85' lang='lat' dir='ltr'>quod</span> <span class='ocrx_word' id='word_1_8' title='bbox 634 502 762 558; x_wconf 93' lang='lat' dir='ltr'>illos</span> <span class='ocrx_word' id='word_1_9' title='bbox 789 501 1073 567; x_wconf 86' lang='lat' dir='ltr'>movebat,</span> <span class='ocrx_word' id='word_1_10' title='bbox 1105 505 1160 556; x_wconf 93' lang='lat' dir='ltr'>et</span> <span class='ocrx_word' id='word_1_11' title='bbox 1191 501 1372 572; x_wconf 87' lang='lat' dir='ltr'>aperit</span> <span class='ocrx_word' id='word_1_12' title='bbox 1401 519 1517 558; x_wconf 89' lang='lat' dir='ltr'>un-</span> 
     </span>
     <span class='ocr_line' id='line_1_3' title="bbox 338 571 1517 639; baseline -0.004 -5"><span class='ocrx_word' id='word_1_13' title='bbox 338 577 411 634; x_wconf 90' lang='lat' dir='ltr'>de</span> <span class='ocrx_word' id='word_1_14' title='bbox 436 576 665 631; x_wconf 79' lang='lat' dir='ltr'>suerunt</span> <span class='ocrx_word' id='word_1_15' title='bbox 692 571 1076 639; x_wconf 86' lang='lat' dir='ltr'>scandalizati,</span> <span class='ocrx_word' id='word_1_16' title='bbox 1112 571 1159 626; x_wconf 92' lang='lat' dir='ltr'>si</span> <span class='ocrx_word' id='word_1_17' title='bbox 1189 576 1383 628; x_wconf 88' lang='lat' dir='ltr'>tamen</span> <span class='ocrx_word' id='word_1_18' title='bbox 1417 574 1517 629; x_wconf 89' lang='lat' dir='ltr'>in-</span> 
     </span>
     <span class='ocr_line' id='line_1_4' title="bbox 336 642 1517 717; baseline -0.002 -14"><span class='ocrx_word' id='word_1_19' title='bbox 336 647 681 717; x_wconf 82' lang='lat' dir='ltr'>telligerent.</span> <span class='ocrx_word' id='word_1_20' title='bbox 738 643 822 699; x_wconf 93' lang='lat' dir='ltr'>Illi</span> <span class='ocrx_word' id='word_1_21' title='bbox 873 642 1026 697; x_wconf 91' lang='lat' dir='ltr'>enim</span> <span class='ocrx_word' id='word_1_22' title='bbox 1071 644 1346 713; x_wconf 89' lang='lat' dir='ltr'>putabant</span> <span class='ocrx_word' id='word_1_23' title='bbox 1384 661 1517 701; x_wconf 90' lang='lat' dir='ltr'>eum</span> 
     </span>
     <span class='ocr_line' id='line_1_5' title="bbox 336 715 1518 788; baseline -0.003 -12"><span class='ocrx_word' id='word_1_24' title='bbox 336 724 710 788; x_wconf 82' lang='lat' dir='ltr'><strong>erogaturum</strong></span> <span class='ocrx_word' id='word_1_25' title='bbox 776 715 992 782; x_wconf 91' lang='lat' dir='ltr'>Corpus</span> <span class='ocrx_word' id='word_1_26' title='bbox 1043 719 1101 768; x_wconf 90' lang='lat' dir='ltr'>et</span> <span class='ocrx_word' id='word_1_27' title='bbox 1169 715 1518 785; x_wconf 83' lang='lat' dir='ltr'>Sanguinem</span> 
     </span>
     <span class='ocr_line' id='line_1_6' title="bbox 338 783 1516 857; baseline -0.004 -10"><span class='ocrx_word' id='word_1_28' title='bbox 338 805 533 856; x_wconf 90' lang='lat' dir='ltr'>suum;</span> <span class='ocrx_word' id='word_1_29' title='bbox 579 786 702 857; x_wconf 93' lang='lat' dir='ltr'>ipse</span> <span class='ocrx_word' id='word_1_30' title='bbox 741 790 931 840; x_wconf 89' lang='lat' dir='ltr'>autem</span> <span class='ocrx_word' id='word_1_31' title='bbox 960 783 1099 839; x_wconf 82' lang='lat' dir='ltr'>dixit</span> <span class='ocrx_word' id='word_1_32' title='bbox 1137 801 1199 840; x_wconf 89' lang='lat' dir='ltr'>se</span> <span class='ocrx_word' id='word_1_33' title='bbox 1244 802 1516 843; x_wconf 88' lang='lat' dir='ltr'>ascensu-</span> 
     </span>
     <span class='ocr_line' id='line_1_7' title="bbox 331 854 1517 930; baseline -0.003 -12"><span class='ocrx_word' id='word_1_34' title='bbox 331 876 461 917; x_wconf 85' lang='lat' dir='ltr'>rum</span> <span class='ocrx_word' id='word_1_35' title='bbox 484 860 544 914; x_wconf 91' lang='lat' dir='ltr'>in</span> <span class='ocrx_word' id='word_1_36' title='bbox 573 857 779 912; x_wconf 88' lang='lat' dir='ltr'>coelum</span> <span class='ocrx_word' id='word_1_37' title='bbox 802 854 997 925; x_wconf 88' lang='lat' dir='ltr'>utique</span> <span class='ocrx_word' id='word_1_38' title='bbox 1021 855 1304 927; x_wconf 85' lang='lat' dir='ltr'>integrum</span> <span class='ocrx_word' id='word_1_39' title='bbox 1333 876 1347 912; x_wconf 77' lang='grc' dir='ltr'>ε</span> <span class='ocrx_word' id='word_1_40' title='bbox 1380 874 1517 930; x_wconf 89' lang='lat' dir='ltr'>ergo</span> 
     </span>
     <span class='ocr_line' id='line_1_8' title="bbox 338 926 1515 1001; baseline -0.004 -12"><span class='ocrx_word' id='word_1_41' title='bbox 338 932 409 988; x_wconf 92' lang='lat' dir='ltr'>de</span> <span class='ocrx_word' id='word_1_42' title='bbox 461 926 744 1001; x_wconf 71' lang='lat' dir='ltr'>spirituali</span> <span class='ocrx_word' id='word_1_43' title='bbox 785 927 1229 984; x_wconf 84' lang='lat' dir='ltr'>manducatione</span> <span class='ocrx_word' id='word_1_44' title='bbox 1267 930 1377 984; x_wconf 87' lang='lat' dir='ltr'>hoc</span> <span class='ocrx_word' id='word_1_45' title='bbox 1425 929 1515 984; x_wconf 93' lang='lat' dir='ltr'>in-</span> 
     </span>
     <span class='ocr_line' id='line_1_9' title="bbox 335 997 1519 1068; baseline -0.003 -10"><span class='ocrx_word' id='word_1_46' title='bbox 335 1001 573 1067; x_wconf 84' lang='lat' dir='ltr'>tellexit,</span> <span class='ocrx_word' id='word_1_47' title='bbox 613 1015 729 1054; x_wconf 90' lang='lat' dir='ltr'>non</span> <span class='ocrx_word' id='word_1_48' title='bbox 759 997 830 1053; x_wconf 90' lang='lat' dir='ltr'>de</span> <span class='ocrx_word' id='word_1_49' title='bbox 856 998 1091 1053; x_wconf 87' lang='lat' dir='ltr'>carnali.</span> <span class='ocrx_word' id='word_1_50' title='bbox 1126 1000 1191 1055; x_wconf 88' lang='lat' dir='ltr'>Si</span> <span class='ocrx_word' id='word_1_51' title='bbox 1219 1016 1345 1068; x_wconf 72' lang='lat' dir='ltr'>erqo</span> <span class='ocrx_word' id='word_1_52' title='bbox 1367 1002 1519 1055; x_wconf 89' lang='lat' dir='ltr'>vide-</span> 
     </span>
     <span class='ocr_line' id='line_1_10' title="bbox 334 1068 1516 1141; baseline -0.001 -13"><span class='ocrx_word' id='word_1_53' title='bbox 334 1076 487 1135; x_wconf 85' lang='lat' dir='ltr'>ritis,</span> <span class='ocrx_word' id='word_1_54' title='bbox 541 1069 753 1141; x_wconf 89' lang='lat' dir='ltr'>inquit,</span> <span class='ocrx_word' id='word_1_55' title='bbox 822 1068 1006 1124; x_wconf 90' lang='lat' dir='ltr'>oculis</span> <span class='ocrx_word' id='word_1_56' title='bbox 1063 1070 1249 1125; x_wconf 88' lang='lat' dir='ltr'>cordis</span> <span class='ocrx_word' id='word_1_57' title='bbox 1308 1074 1516 1128; x_wconf 84' lang='lat' dir='ltr'>Filium</span> 
     </span>
     <span class='ocr_line' id='line_1_11' title="bbox 335 1141 1517 1212; baseline -0.002 -12"><span class='ocrx_word' id='word_1_58' title='bbox 335 1146 574 1200; x_wconf 83' lang='lat' dir='ltr'>hominis</span> <span class='ocrx_word' id='word_1_59' title='bbox 627 1141 1004 1195; x_wconf 82' lang='lat' dir='ltr'><em>ascendentem</em></span> <span class='ocrx_word' id='word_1_60' title='bbox 1053 1142 1152 1195; x_wconf 89' lang='lat' dir='ltr'>ubi</span> <span class='ocrx_word' id='word_1_61' title='bbox 1197 1147 1316 1196; x_wconf 88' lang='lat' dir='ltr'>erat</span> <span class='ocrx_word' id='word_1_62' title='bbox 1353 1146 1517 1212; x_wconf 83' lang='lat' dir='ltr'>prius</span> 
     </span>
     <span class='ocr_line' id='line_1_12' title="bbox 335 1213 1515 1286; baseline -0.001 -16"><span class='ocrx_word' id='word_1_63' title='bbox 335 1231 507 1286; x_wconf 84' lang='lat' dir='ltr'>qnam</span> <span class='ocrx_word' id='word_1_64' title='bbox 562 1216 885 1269; x_wconf 83' lang='lat' dir='ltr'><em>assumeret</em></span> <span class='ocrx_word' id='word_1_65' title='bbox 933 1228 1185 1279; x_wconf 87' lang='lat' dir='ltr'>carnem,</span> <span class='ocrx_word' id='word_1_66' title='bbox 1241 1217 1394 1268; x_wconf 87' lang='lat' dir='ltr'>certe</span> <span class='ocrx_word' id='word_1_67' title='bbox 1426 1213 1515 1269; x_wconf 85' lang='lat' dir='ltr'>vel</span> 
     </span>
     <span class='ocr_line' id='line_1_13' title="bbox 332 1282 1514 1365; baseline -0.002 -24"><span class='ocrx_word' id='word_1_68' title='bbox 332 1291 467 1343; x_wconf 87' lang='lat' dir='ltr'>tunc</span> <span class='ocrx_word' id='word_1_69' title='bbox 484 1282 1050 1363; x_wconf 43' lang='lat' dir='ltr'>intelligereti5,·quia</span> <span class='ocrx_word' id='word_1_70' title='bbox 1064 1283 1247 1354; x_wconf 91' lang='lat' dir='ltr'>gratia</span> <span class='ocrx_word' id='word_1_71' title='bbox 1257 1285 1381 1365; x_wconf 77' lang='lat' dir='ltr'>ejus</span> <span class='ocrx_word' id='word_1_72' title='bbox 1397 1300 1514 1339; x_wconf 93' lang='lat' dir='ltr'>non</span> 
     </span>
     <span class='ocr_line' id='line_1_14' title="bbox 332 1356 1514 1425; baseline -0.002 -12"><span class='ocrx_word' id='word_1_73' title='bbox 332 1357 687 1414; x_wconf 90' lang='lat' dir='ltr'>consumitur</span> <span class='ocrx_word' id='word_1_74' title='bbox 738 1356 1042 1423; x_wconf 80' lang='lat' dir='ltr'>morslbuS,</span> <span class='ocrx_word' id='word_1_75' title='bbox 1094 1358 1152 1410; x_wconf 91' lang='lat' dir='ltr'>et</span> <span class='ocrx_word' id='word_1_76' title='bbox 1210 1371 1343 1425; x_wconf 77' lang='lat' dir='ltr'>quia</span> <span class='ocrx_word' id='word_1_77' title='bbox 1397 1372 1514 1411; x_wconf 93' lang='lat' dir='ltr'>non</span> 
     </span>
     <span class='ocr_line' id='line_1_15' title="bbox 333 1425 1515 1496; baseline -0.002 -11"><span class='ocrx_word' id='word_1_78' title='bbox 333 1445 401 1485; x_wconf 92' lang='lat' dir='ltr'>eo</span> <span class='ocrx_word' id='word_1_79' title='bbox 430 1428 622 1495; x_wconf 92' lang='lat' dir='ltr'>modo,</span> <span class='ocrx_word' id='word_1_80' title='bbox 655 1442 767 1496; x_wconf 89' lang='lat' dir='ltr'>quo</span> <span class='ocrx_word' id='word_1_81' title='bbox 797 1425 1028 1496; x_wconf 80' lang='lat' dir='ltr'>putatiS,</span> <span class='ocrx_word' id='word_1_82' title='bbox 1061 1431 1258 1496; x_wconf 84' lang='lat' dir='ltr'><strong>erogat</strong></span> <span class='ocrx_word' id='word_1_83' title='bbox 1296 1428 1515 1496; x_wconf 91' lang='lat' dir='ltr'>Corpus</span> 
     </span>
     <span class='ocr_line' id='line_1_16' title="bbox 331 1496 1513 1569; baseline -0.003 -13"><span class='ocrx_word' id='word_1_84' title='bbox 331 1502 530 1556; x_wconf 83' lang='lat' dir='ltr'>suum!</span> <span class='ocrx_word' id='word_1_85' title='bbox 570 1496 682 1569; x_wconf 90' lang='lat' dir='ltr'>Ipsi</span> <span class='ocrx_word' id='word_1_86' title='bbox 733 1497 888 1552; x_wconf 90' lang='lat' dir='ltr'>enim</span> <span class='ocrx_word' id='word_1_87' title='bbox 941 1496 1342 1553; x_wconf 79' lang='lat' dir='ltr'>intellexerant</span> <span class='ocrx_word' id='word_1_88' title='bbox 1384 1514 1513 1553; x_wconf 90' lang='lat' dir='ltr'>car·</span> 
     </span>
     <span class='ocr_line' id='line_1_17' title="bbox 330 1567 1508 1641; baseline -0.004 -13"><span class='ocrx_word' id='word_1_89' title='bbox 330 1586 485 1639; x_wconf 88' lang='lat' dir='ltr'>nem,</span> <span class='ocrx_word' id='word_1_90' title='bbox 521 1569 808 1641; x_wconf 92' lang='lat' dir='ltr'>quomodo</span> <span class='ocrx_word' id='word_1_91' title='bbox 824 1567 883 1623; x_wconf 90' lang='lat' dir='ltr'>in</span> <span class='ocrx_word' id='word_1_92' title='bbox 907 1569 1183 1625; x_wconf 86' lang='lat' dir='ltr'>cadavere</span> <span class='ocrx_word' id='word_1_93' title='bbox 1205 1570 1508 1633; x_wconf 89' lang='lat' dir='ltr'>laceratur,</span> 
     </span>
     <span class='ocr_line' id='line_1_18' title="bbox 331 1640 1513 1710; baseline -0.004 -10"><span class='ocrx_word' id='word_1_94' title='bbox 331 1647 432 1700; x_wconf 89' lang='lat' dir='ltr'>aut</span> <span class='ocrx_word' id='word_1_95' title='bbox 489 1641 549 1696; x_wconf 93' lang='lat' dir='ltr'>in</span> <span class='ocrx_word' id='word_1_96' title='bbox 598 1640 836 1696; x_wconf 90' lang='lat' dir='ltr'>macello</span> <span class='ocrx_word' id='word_1_97' title='bbox 867 1640 1167 1707; x_wconf 85' lang='lat' dir='ltr'>venditur;</span> <span class='ocrx_word' id='word_1_98' title='bbox 1229 1656 1344 1695; x_wconf 95' lang='lat' dir='ltr'>non</span> <span class='ocrx_word' id='word_1_99' title='bbox 1376 1655 1513 1710; x_wconf 89' lang='lat' dir='ltr'>quo-</span> 
     </span>
     <span class='ocr_line' id='line_1_19' title="bbox 331 1709 1510 1782; baseline -0.004 -12"><span class='ocrx_word' id='word_1_100' title='bbox 331 1714 505 1770; x_wconf 91' lang='lat' dir='ltr'>modo</span> <span class='ocrx_word' id='word_1_101' title='bbox 538 1711 740 1782; x_wconf 87' lang='lat' dir='ltr'>spiritu</span> <span class='ocrx_word' id='word_1_102' title='bbox 768 1715 1082 1781; x_wconf 80' lang='lat' dir='ltr'>vegetatur.</span> <span class='ocrx_word' id='word_1_103' title='bbox 1117 1709 1218 1766; x_wconf 89' lang='lat' dir='ltr'>Ubi</span> <span class='ocrx_word' id='word_1_104' title='bbox 1243 1712 1510 1778; x_wconf 72' lang='lat' dir='ltr'>Auqusti·</span> 
     </span>
     <span class='ocr_line' id='line_1_20' title="bbox 328 1780 1512 1840; baseline -0.002 0"><span class='ocrx_word' id='word_1_105' title='bbox 328 1801 434 1840; x_wconf 90' lang='lat' dir='ltr'>nus</span> <span class='ocrx_word' id='word_1_106' title='bbox 451 1804 468 1839; x_wconf 75' lang='grc' dir='ltr'><em>ι</em></span> <span class='ocrx_word' id='word_1_107' title='bbox 494 1806 523 1835; x_wconf 76' lang='grc' dir='ltr'>ι(</span> <span class='ocrx_word' id='word_1_108' title='bbox 548 1782 720 1838; x_wconf 89' lang='lat' dir='ltr'>Filius</span> <span class='ocrx_word' id='word_1_109' title='bbox 745 1780 988 1836; x_wconf 90' lang='lat' dir='ltr'>hominis</span> <span class='ocrx_word' id='word_1_110' title='bbox 1010 1780 1267 1837; x_wconf 88' lang='lat' dir='ltr'>Christus</span> <span class='ocrx_word' id='word_1_111' title='bbox 1295 1798 1361 1837; x_wconf 88' lang='lat' dir='ltr'>ex</span> <span class='ocrx_word' id='word_1_112' title='bbox 1388 1781 1512 1838; x_wconf 89' lang='lat' dir='ltr'>Vir-</span> 
     </span>
     <span class='ocr_line' id='line_1_21' title="bbox 331 1851 1504 1926; baseline -0.001 -17"><span class='ocrx_word' id='word_1_113' title='bbox 331 1855 465 1926; x_wconf 82' lang='lat' dir='ltr'>gine</span> <span class='ocrx_word' id='word_1_114' title='bbox 507 1855 684 1908; x_wconf 86' lang='lat' dir='ltr'>Maria</span> <span class='ocrx_word' id='word_1_115' title='bbox 722 1854 813 1906; x_wconf 90' lang='lat' dir='ltr'>bic</span> <span class='ocrx_word' id='word_1_116' title='bbox 850 1868 968 1907; x_wconf 90' lang='lat' dir='ltr'>esse</span> <span class='ocrx_word' id='word_1_117' title='bbox 1010 1851 1184 1923; x_wconf 88' lang='lat' dir='ltr'>coepit</span> <span class='ocrx_word' id='word_1_118' title='bbox 1220 1869 1277 1906; x_wconf 82' lang='lat' dir='ltr'>in</span> <span class='ocrx_word' id='word_1_119' title='bbox 1320 1859 1504 1921; x_wconf 89' lang='lat' dir='ltr'>terra;</span> 
     </span>
     <span class='ocr_line' id='line_1_22' title="bbox 332 1921 1508 1994; baseline -0.001 -13"><span class='ocrx_word' id='word_1_120' title='bbox 332 1925 434 1982; x_wconf 89' lang='lat' dir='ltr'>ubi</span> <span class='ocrx_word' id='word_1_121' title='bbox 464 1938 694 1979; x_wconf 87' lang='lat' dir='ltr'>carnem</span> <span class='ocrx_word' id='word_1_122' title='bbox 722 1921 1032 1994; x_wconf 86' lang='lat' dir='ltr'>assumpsit</span> <span class='ocrx_word' id='word_1_123' title='bbox 1064 1940 1130 1979; x_wconf 87' lang='lat' dir='ltr'>ex</span> <span class='ocrx_word' id='word_1_124' title='bbox 1159 1929 1333 1979; x_wconf 87' lang='lat' dir='ltr'>terra.</span> <span class='ocrx_word' id='word_1_125' title='bbox 1361 1924 1508 1990; x_wconf 89' lang='lat' dir='ltr'>Quid</span> 
     </span>
     <span class='ocr_line' id='line_1_23' title="bbox 332 1993 1504 2066; baseline -0.002 -14"><span class='ocrx_word' id='word_1_126' title='bbox 332 2012 470 2066; x_wconf 87' lang='lat' dir='ltr'>ergo</span> <span class='ocrx_word' id='word_1_127' title='bbox 499 1993 606 2049; x_wconf 87' lang='lat' dir='ltr'>sibi</span> <span class='ocrx_word' id='word_1_128' title='bbox 634 1995 753 2049; x_wconf 85' lang='lat' dir='ltr'>vult</span> <span class='ocrx_word' id='word_1_129' title='bbox 786 1998 937 2064; x_wconf 91' lang='lat' dir='ltr'>quod</span> <span class='ocrx_word' id='word_1_130' title='bbox 974 1995 1057 2050; x_wconf 90' lang='lat' dir='ltr'>ait</span> <span class='ocrx_word' id='word_1_131' title='bbox 1087 2015 1103 2049; x_wconf 77' lang='grc' dir='ltr'><strong><em>ε</em></strong></span> <span class='ocrx_word' id='word_1_132' title='bbox 1136 1996 1269 2053; x_wconf 86' lang='lat' dir='ltr'>Cum</span> <span class='ocrx_word' id='word_1_133' title='bbox 1293 1996 1504 2051; x_wconf 85' lang='lat' dir='ltr'>videri-</span> 
     </span>
     <span class='ocr_line' id='line_1_24' title="bbox 328 2067 1508 2137; baseline -0.001 -14"><span class='ocrx_word' id='word_1_134' title='bbox 328 2071 404 2124; x_wconf 84' lang='lat' dir='ltr'>tis</span> <span class='ocrx_word' id='word_1_135' title='bbox 444 2069 649 2123; x_wconf 80' lang='lat' dir='ltr'>Filium</span> <span class='ocrx_word' id='word_1_136' title='bbox 689 2067 925 2121; x_wconf 81' lang='lat' dir='ltr'>hominis</span> <span class='ocrx_word' id='word_1_137' title='bbox 968 2068 1365 2137; x_wconf 82' lang='lat' dir='ltr'>ascendentem,</span> <span class='ocrx_word' id='word_1_138' title='bbox 1409 2069 1508 2123; x_wconf 88' lang='lat' dir='ltr'>ubi</span> 
     </span>
     <span class='ocr_line' id='line_1_25' title="bbox 336 2137 1505 2210; baseline 0 -16"><span class='ocrx_word' id='word_1_139' title='bbox 336 2145 457 2194; x_wconf 88' lang='lat' dir='ltr'>erat</span> <span class='ocrx_word' id='word_1_140' title='bbox 471 2141 672 2210; x_wconf 81' lang='lat' dir='ltr'>prius?</span> <span class='ocrx_word' id='word_1_141' title='bbox 688 2138 796 2193; x_wconf 90' lang='lat' dir='ltr'>nisi</span> <span class='ocrx_word' id='word_1_142' title='bbox 829 2144 890 2194; x_wconf 87' lang='lat' dir='ltr'>ut</span> <span class='ocrx_word' id='word_1_143' title='bbox 914 2137 1304 2207; x_wconf 76' lang='lat' dir='ltr'>intelligamus</span> <span class='ocrx_word' id='word_1_144' title='bbox 1333 2154 1505 2195; x_wconf 91' lang='lat' dir='ltr'>unam</span> 
     </span>
    </p>

    <p class='ocr_par' dir='ltr' id='par_1_3' title="bbox 374 2208 1506 2267">
     <span class='ocr_line' id='line_1_26' title="bbox 374 2208 1506 2267; baseline -0.003 0"><span class='ocrx_word' id='word_1_145' title='bbox 374 2227 636 2267; x_wconf 87' lang='lat' dir='ltr'>ersonam</span> <span class='ocrx_word' id='word_1_146' title='bbox 699 2227 821 2267; x_wconf 90' lang='lat' dir='ltr'>esse</span> <span class='ocrx_word' id='word_1_147' title='bbox 879 2208 1168 2267; x_wconf 88' lang='lat' dir='ltr'>Christum</span> <span class='ocrx_word' id='word_1_148' title='bbox 1220 2213 1398 2267; x_wconf 93' lang='lat' dir='ltr'>Deum</span> <span class='ocrx_word' id='word_1_149' title='bbox 1450 2216 1506 2265; x_wconf 88' lang='lat' dir='ltr'>et</span> 
     </span>
    </p>

    <p class='ocr_par' dir='ltr' id='par_1_4' title="bbox 321 2282 1506 3403">
     <span class='ocr_line' id='line_1_27' title="bbox 375 2282 1505 2350; baseline -0.002 -12"><span class='ocrx_word' id='word_1_150' title='bbox 375 2283 647 2350; x_wconf 88' lang='lat' dir='ltr'>ominem,</span> <span class='ocrx_word' id='word_1_151' title='bbox 694 2298 810 2335; x_wconf 90' lang='lat' dir='ltr'>non</span> <span class='ocrx_word' id='word_1_152' title='bbox 849 2282 1011 2350; x_wconf 75' lang='lat' dir='ltr'>duaS,</span> <span class='ocrx_word' id='word_1_153' title='bbox 1042 2299 1115 2337; x_wconf 90' lang='lat' dir='ltr'>ne</span> <span class='ocrx_word' id='word_1_154' title='bbox 1145 2282 1288 2337; x_wconf 86' lang='lat' dir='ltr'>fides</span> <span class='ocrx_word' id='word_1_155' title='bbox 1311 2286 1505 2336; x_wconf 86' lang='lat' dir='ltr'>nostra</span> 
     </span>
     <span class='ocr_line' id='line_1_28' title="bbox 329 2350 1504 2420; baseline -0.003 -11"><span class='ocrx_word' id='word_1_156' title='bbox 329 2369 450 2410; x_wconf 89' lang='lat' dir='ltr'>non</span> <span class='ocrx_word' id='word_1_157' title='bbox 480 2353 554 2408; x_wconf 89' lang='lat' dir='ltr'>sit</span> <span class='ocrx_word' id='word_1_158' title='bbox 578 2351 842 2416; x_wconf 86' lang='lat' dir='ltr'>Trinitas,</span> <span class='ocrx_word' id='word_1_159' title='bbox 871 2353 972 2406; x_wconf 91' lang='lat' dir='ltr'>sed</span> <span class='ocrx_word' id='word_1_160' title='bbox 999 2351 1371 2420; x_wconf 86' lang='lat' dir='ltr'>quaternitas.</span> <span class='ocrx_word' id='word_1_161' title='bbox 1414 2350 1504 2407; x_wconf 92' lang='lat' dir='ltr'>Sic</span> 
     </span>
     <span class='ocr_line' id='line_1_29' title="bbox 329 2421 1502 2494; baseline -0.003 -14"><span class='ocrx_word' id='word_1_162' title='bbox 329 2439 467 2494; x_wconf 88' lang='lat' dir='ltr'>ergo</span> <span class='ocrx_word' id='word_1_163' title='bbox 513 2426 637 2478; x_wconf 88' lang='lat' dir='ltr'>erat</span> <span class='ocrx_word' id='word_1_164' title='bbox 679 2422 851 2476; x_wconf 86' lang='lat' dir='ltr'>Filius</span> <span class='ocrx_word' id='word_1_165' title='bbox 923 2421 1172 2476; x_wconf 92' lang='lat' dir='ltr'>hominis</span> <span class='ocrx_word' id='word_1_166' title='bbox 1222 2422 1282 2477; x_wconf 91' lang='lat' dir='ltr'>in</span> <span class='ocrx_word' id='word_1_167' title='bbox 1337 2422 1502 2491; x_wconf 87' lang='lat' dir='ltr'>coe10,</span> 
     </span>
     <span class='ocr_line' id='line_1_30' title="bbox 330 2489 1504 2567; baseline -0.001 -16"><span class='ocrx_word' id='word_1_168' title='bbox 330 2492 813 2567; x_wconf 87' lang='lat' dir='ltr'>quemadmodum</span> <span class='ocrx_word' id='word_1_169' title='bbox 870 2489 1071 2548; x_wconf 90' lang='lat' dir='ltr'>Filius·</span> <span class='ocrx_word' id='word_1_170' title='bbox 1107 2491 1208 2548; x_wconf 91' lang='lat' dir='ltr'>Dei</span> <span class='ocrx_word' id='word_1_171' title='bbox 1262 2498 1391 2550; x_wconf 90' lang='lat' dir='ltr'>erat</span> <span class='ocrx_word' id='word_1_172' title='bbox 1445 2495 1504 2550; x_wconf 90' lang='lat' dir='ltr'>in</span> 
     </span>
     <span class='ocr_line' id='line_1_31' title="bbox 327 2564 1506 2635; baseline -0.001 -12"><span class='ocrx_word' id='word_1_173' title='bbox 327 2570 490 2623; x_wconf 87' lang='lat' dir='ltr'>terra</span> <span class='ocrx_word' id='word_1_174' title='bbox 514 2564 577 2620; x_wconf 91' lang='lat' dir='ltr'>in</span> <span class='ocrx_word' id='word_1_175' title='bbox 602 2569 864 2635; x_wconf 87' lang='lat' dir='ltr'>suscepta</span> <span class='ocrx_word' id='word_1_176' title='bbox 896 2580 1091 2635; x_wconf 86' lang='lat' dir='ltr'>carne,</span> <span class='ocrx_word' id='word_1_177' title='bbox 1120 2564 1295 2621; x_wconf 90' lang='lat' dir='ltr'>Filius</span> <span class='ocrx_word' id='word_1_178' title='bbox 1324 2564 1506 2622; x_wconf 90' lang='lat' dir='ltr'>homi-</span> 
     </span>
     <span class='ocr_line' id='line_1_32' title="bbox 327 2636 1501 2710; baseline -0.002 -16"><span class='ocrx_word' id='word_1_179' title='bbox 327 2637 421 2694; x_wconf 88' lang='lat' dir='ltr'>nis</span> <span class='ocrx_word' id='word_1_180' title='bbox 480 2636 542 2693; x_wconf 93' lang='lat' dir='ltr'>in</span> <span class='ocrx_word' id='word_1_181' title='bbox 593 2637 738 2692; x_wconf 89' lang='lat' dir='ltr'>coelo</span> <span class='ocrx_word' id='word_1_182' title='bbox 791 2636 849 2691; x_wconf 91' lang='lat' dir='ltr'>in</span> <span class='ocrx_word' id='word_1_183' title='bbox 887 2636 1106 2692; x_wconf 88' lang='lat' dir='ltr'>unitate</span> <span class='ocrx_word' id='word_1_184' title='bbox 1160 2653 1439 2710; x_wconf 78' lang='lat' dir='ltr'>personae.</span> <span class='ocrx_word' id='word_1_185' title='bbox 1472 2658 1501 2692; x_wconf 85' lang='lat'>»</span> 
     </span>
     <span class='ocr_line' id='line_1_33' title="bbox 327 2710 1505 2781; baseline -0.001 -14"><span class='ocrx_word' id='word_1_186' title='bbox 327 2710 491 2767; x_wconf 91' lang='lat' dir='ltr'>Unde</span> <span class='ocrx_word' id='word_1_187' title='bbox 520 2713 574 2765; x_wconf 86' lang='lat' dir='ltr'>et</span> <span class='ocrx_word' id='word_1_188' title='bbox 607 2711 937 2779; x_wconf 81' lang='lat' dir='ltr'>Theophilus</span> <span class='ocrx_word' id='word_1_189' title='bbox 965 2726 979 2763; x_wconf 76' lang='lat' dir='ltr'><strong><em>z</em></strong></span> <span class='ocrx_word' id='word_1_190' title='bbox 1015 2728 1044 2762; x_wconf 75' lang='lat' dir='ltr'>&lt;t</span> <span class='ocrx_word' id='word_1_191' title='bbox 1074 2710 1198 2764; x_wconf 92' lang='lat' dir='ltr'>Non</span> <span class='ocrx_word' id='word_1_192' title='bbox 1219 2726 1356 2781; x_wconf 92' lang='lat' dir='ltr'>ergo</span> <span class='ocrx_word' id='word_1_193' title='bbox 1379 2726 1505 2781; x_wconf 93' lang='lat' dir='ltr'>pro-</span> 
     </span>
     <span class='ocr_line' id='line_1_34' title="bbox 325 2780 1504 2853; baseline 0.001 -16"><span class='ocrx_word' id='word_1_194' title='bbox 325 2785 455 2853; x_wconf 88' lang='lat' dir='ltr'>pter</span> <span class='ocrx_word' id='word_1_195' title='bbox 497 2782 604 2836; x_wconf 91' lang='lat' dir='ltr'>hoc</span> <span class='ocrx_word' id='word_1_196' title='bbox 629 2785 813 2851; x_wconf 77' lang='lat' dir='ltr'>puteS,</span> <span class='ocrx_word' id='word_1_197' title='bbox 841 2780 994 2851; x_wconf 89' lang='lat' dir='ltr'>quod</span> <span class='ocrx_word' id='word_1_198' title='bbox 1024 2783 1096 2836; x_wconf 93' lang='lat' dir='ltr'>de</span> <span class='ocrx_word' id='word_1_199' title='bbox 1124 2782 1267 2836; x_wconf 88' lang='lat' dir='ltr'>coelo</span> <span class='ocrx_word' id='word_1_200' title='bbox 1294 2797 1504 2852; x_wconf 85' lang='lat' dir='ltr'>corpus</span> 
     </span>
     <span class='ocr_line' id='line_1_35' title="bbox 327 2851 1503 2924; baseline -0.002 -14"><span class='ocrx_word' id='word_1_201' title='bbox 327 2851 537 2910; x_wconf 89' lang='lat' dir='ltr'>Christi</span> <span class='ocrx_word' id='word_1_202' title='bbox 587 2851 976 2920; x_wconf 80' lang='lat' dir='ltr'>descenderit3</span> <span class='ocrx_word' id='word_1_203' title='bbox 1020 2852 1126 2907; x_wconf 91' lang='lat' dir='ltr'>sed</span> <span class='ocrx_word' id='word_1_204' title='bbox 1185 2854 1318 2924; x_wconf 86' lang='lat' dir='ltr'>quia</span> <span class='ocrx_word' id='word_1_205' title='bbox 1356 2869 1503 2909; x_wconf 92' lang='lat' dir='ltr'>unus</span> 
     </span>
     <span class='ocr_line' id='line_1_36' title="bbox 327 2923 1499 2981; baseline -0.004 0"><span class='ocrx_word' id='word_1_206' title='bbox 327 2929 389 2981; x_wconf 91' lang='lat' dir='ltr'>et</span> <span class='ocrx_word' id='word_1_207' title='bbox 408 2925 559 2981; x_wconf 90' lang='lat' dir='ltr'>idem</span> <span class='ocrx_word' id='word_1_208' title='bbox 591 2928 715 2980; x_wconf 87' lang='lat' dir='ltr'>erat</span> <span class='ocrx_word' id='word_1_209' title='bbox 741 2923 915 2980; x_wconf 91' lang='lat' dir='ltr'>Filius</span> <span class='ocrx_word' id='word_1_210' title='bbox 941 2923 1040 2979; x_wconf 89' lang='lat' dir='ltr'>Dei</span> <span class='ocrx_word' id='word_1_211' title='bbox 1081 2930 1137 2979; x_wconf 87' lang='lat' dir='ltr'>et</span> <span class='ocrx_word' id='word_1_212' title='bbox 1169 2923 1435 2980; x_wconf 67' lang='lat' dir='ltr'>hominis</span> <span class='ocrx_word' id='word_1_213' title='bbox 1470 2943 1499 2976; x_wconf 63' lang='grc' dir='ltr'><strong>υ</strong></span> 
     </span>
     <span class='ocr_line' id='line_1_37' title="bbox 328 2995 1498 3068; baseline -0.003 -15"><span class='ocrx_word' id='word_1_214' title='bbox 328 2998 549 3053; x_wconf 83' lang='lat' dir='ltr'>Deinde</span> <span class='ocrx_word' id='word_1_215' title='bbox 578 2995 715 3052; x_wconf 89' lang='lat' dir='ltr'>dicit</span> <span class='ocrx_word' id='word_1_216' title='bbox 748 3014 762 3052; x_wconf 72' lang='grc' dir='ltr'>ε</span> <span class='ocrx_word' id='word_1_217' title='bbox 790 2998 1038 3068; x_wconf 77' lang='lat' dir='ltr'>Spiritus</span> <span class='ocrx_word' id='word_1_218' title='bbox 1067 3001 1149 3052; x_wconf 87' lang='lat' dir='ltr'>est</span> <span class='ocrx_word' id='word_1_219' title='bbox 1186 2998 1286 3066; x_wconf 81' lang='lat' dir='ltr'>qui</span> <span class='ocrx_word' id='word_1_220' title='bbox 1314 2999 1498 3067; x_wconf 75' lang='lat' dir='ltr'>vivifi-</span> 
     </span>
     <span class='ocr_line' id='line_1_38' title="bbox 327 3068 1498 3138; baseline 0 -14"><span class='ocrx_word' id='word_1_221' title='bbox 327 3074 438 3138; x_wconf 88' lang='lat' dir='ltr'>cat,</span> <span class='ocrx_word' id='word_1_222' title='bbox 466 3069 524 3124; x_wconf 89' lang='lat' dir='ltr'>id</span> <span class='ocrx_word' id='word_1_223' title='bbox 550 3075 637 3124; x_wconf 91' lang='lat' dir='ltr'>est</span> <span class='ocrx_word' id='word_1_224' title='bbox 681 3069 858 3124; x_wconf 87' lang='lat' dir='ltr'>verba</span> <span class='ocrx_word' id='word_1_225' title='bbox 885 3069 1199 3125; x_wconf 87' lang='lat' dir='ltr'>secundum</span> <span class='ocrx_word' id='word_1_226' title='bbox 1229 3068 1498 3133; x_wconf 87' lang='lat' dir='ltr'>spiritua-</span> 
     </span>
     <span class='ocr_line' id='line_1_39' title="bbox 326 3138 1500 3195; baseline -0.001 0"><span class='ocrx_word' id='word_1_227' title='bbox 326 3139 443 3195; x_wconf 88' lang='lat' dir='ltr'>lem</span> <span class='ocrx_word' id='word_1_228' title='bbox 494 3154 726 3195; x_wconf 90' lang='lat' dir='ltr'>sensum</span> <span class='ocrx_word' id='word_1_229' title='bbox 776 3138 1068 3194; x_wconf 88' lang='lat' dir='ltr'>intellecta</span> <span class='ocrx_word' id='word_1_230' title='bbox 1122 3138 1412 3194; x_wconf 84' lang='lat' dir='ltr'>vivificant</span> <span class='ocrx_word' id='word_1_231' title='bbox 1442 3144 1500 3194; x_wconf 90' lang='lat' dir='ltr'>et</span> 
     </span>
     <span class='ocr_line' id='line_1_40' title="bbox 321 3208 1500 3279; baseline 0.001 -15"><span class='ocrx_word' id='word_1_232' title='bbox 321 3208 502 3265; x_wconf 79' lang='lat' dir='ltr'>vitam</span> <span class='ocrx_word' id='word_1_233' title='bbox 542 3210 707 3274; x_wconf 89' lang='lat' dir='ltr'>dant;</span> <span class='ocrx_word' id='word_1_234' title='bbox 744 3224 870 3262; x_wconf 88' lang='lat' dir='ltr'>caro</span> <span class='ocrx_word' id='word_1_235' title='bbox 916 3212 1106 3264; x_wconf 91' lang='lat' dir='ltr'>autem</span> <span class='ocrx_word' id='word_1_236' title='bbox 1138 3224 1246 3264; x_wconf 90' lang='lat' dir='ltr'>non</span> <span class='ocrx_word' id='word_1_237' title='bbox 1275 3210 1500 3279; x_wconf 83' lang='lat' dir='ltr'>prodest</span> 
     </span>
     <span class='ocr_line' id='line_1_41' title="bbox 324 3276 1496 3403; baseline 0.001 -69"><span class='ocrx_word' id='word_1_238' title='bbox 324 3280 637 3403; x_wconf 63' lang='lat' dir='ltr'>guidquam</span> <span class='ocrx_word' id='word_1_239' title='bbox 666 3279 786 3331; x_wconf 90' lang='lat' dir='ltr'>sine</span> <span class='ocrx_word' id='word_1_240' title='bbox 823 3276 1048 3348; x_wconf 88' lang='lat' dir='ltr'>spiritu,</span> <span class='ocrx_word' id='word_1_241' title='bbox 1089 3279 1147 3335; x_wconf 93' lang='lat' dir='ltr'>id</span> <span class='ocrx_word' id='word_1_242' title='bbox 1174 3283 1263 3334; x_wconf 92' lang='lat' dir='ltr'>est</span> <span class='ocrx_word' id='word_1_243' title='bbox 1290 3295 1496 3335; x_wconf 92' lang='lat' dir='ltr'>secun-</span> 
     </span>
    </p>

    <p class='ocr_par' dir='ltr' id='par_1_5' title="bbox 303 3345 1499 4417">
     <span class='ocr_line' id='line_1_42' title="bbox 366 3345 1497 3405; baseline 0.001 -1"><span class='ocrx_word' id='word_1_244' title='bbox 366 3363 461 3404; x_wconf 93' lang='lat' dir='ltr'>um</span> <span class='ocrx_word' id='word_1_245' title='bbox 494 3345 780 3400; x_wconf 90' lang='lat' dir='ltr'>carnalem</span> <span class='ocrx_word' id='word_1_246' title='bbox 808 3362 1042 3404; x_wconf 91' lang='lat' dir='ltr'>sensum</span> <span class='ocrx_word' id='word_1_247' title='bbox 1082 3349 1374 3405; x_wconf 90' lang='lat' dir='ltr'>intellecta</span> <span class='ocrx_word' id='word_1_248' title='bbox 1405 3349 1497 3404; x_wconf 89' lang='lat' dir='ltr'>ni-</span> 
     </span>
     <span class='ocr_line' id='line_1_43' title="bbox 321 3415 1499 3488; baseline 0.001 -14"><span class='ocrx_word' id='word_1_249' title='bbox 321 3417 406 3475; x_wconf 88' lang='lat' dir='ltr'>hil</span> <span class='ocrx_word' id='word_1_250' title='bbox 441 3416 775 3488; x_wconf 89' lang='lat' dir='ltr'>proderunt,</span> <span class='ocrx_word' id='word_1_251' title='bbox 827 3415 941 3472; x_wconf 92' lang='lat' dir='ltr'>imo</span> <span class='ocrx_word' id='word_1_252' title='bbox 989 3422 1294 3475; x_wconf 89' lang='lat' dir='ltr'>nocebunt.</span> <span class='ocrx_word' id='word_1_253' title='bbox 1341 3420 1499 3488; x_wconf 84' lang='lat' dir='ltr'>Sicut</span> 
     </span>
     <span class='ocr_line' id='line_1_44' title="bbox 322 3487 1498 3560; baseline -0.001 -14"><span class='ocrx_word' id='word_1_254' title='bbox 322 3490 560 3546; x_wconf 86' lang='lat' dir='ltr'>scientia</span> <span class='ocrx_word' id='word_1_255' title='bbox 605 3487 728 3542; x_wconf 90' lang='lat' dir='ltr'>sine</span> <span class='ocrx_word' id='word_1_256' title='bbox 779 3488 1015 3544; x_wconf 87' lang='lat' dir='ltr'>caritate</span> <span class='ocrx_word' id='word_1_257' title='bbox 1048 3493 1230 3558; x_wconf 83' lang='lat' dir='ltr'>instat,</span> <span class='ocrx_word' id='word_1_258' title='bbox 1265 3488 1364 3543; x_wconf 88' lang='lat' dir='ltr'>sed</span> <span class='ocrx_word' id='word_1_259' title='bbox 1394 3505 1498 3560; x_wconf 89' lang='lat' dir='ltr'>per</span> 
     </span>
     <span class='ocr_line' id='line_1_45' title="bbox 320 3556 1498 3627; baseline -0.003 -9"><span class='ocrx_word' id='word_1_260' title='bbox 320 3562 619 3618; x_wconf 83' lang='lat' dir='ltr'>caritatem</span> <span class='ocrx_word' id='word_1_261' title='bbox 669 3556 941 3626; x_wconf 83' lang='lat' dir='ltr'>aedificat;</span> <span class='ocrx_word' id='word_1_262' title='bbox 999 3558 1080 3615; x_wconf 90' lang='lat' dir='ltr'>ita</span> <span class='ocrx_word' id='word_1_263' title='bbox 1133 3558 1318 3621; x_wconf 85' lang='lat' dir='ltr'>verba,</span> <span class='ocrx_word' id='word_1_264' title='bbox 1377 3574 1498 3627; x_wconf 78' lang='lat' dir='ltr'>quae</span> 
     </span>
     <span class='ocr_line' id='line_1_46' title="bbox 323 3627 1495 3705; baseline -0.004 -14"><span class='ocrx_word' id='word_1_265' title='bbox 323 3650 421 3705; x_wconf 74' lang='lat' dir='ltr'>eqo</span> <span class='ocrx_word' id='word_1_266' title='bbox 465 3635 676 3689; x_wconf 85' lang='lat' dir='ltr'>locutus</span> <span class='ocrx_word' id='word_1_267' title='bbox 703 3647 825 3686; x_wconf 86' lang='lat' dir='ltr'>sum</span> <span class='ocrx_word' id='word_1_268' title='bbox 869 3630 1045 3699; x_wconf 81' lang='lat' dir='ltr'>vobis,</span> <span class='ocrx_word' id='word_1_269' title='bbox 1078 3629 1151 3686; x_wconf 90' lang='lat' dir='ltr'>ad</span> <span class='ocrx_word' id='word_1_270' title='bbox 1191 3627 1495 3686; x_wconf 89' lang='lat' dir='ltr'>utilitatem</span> 
     </span>
     <span class='ocr_line' id='line_1_47' title="bbox 319 3699 1495 3774; baseline -0.003 -13"><span class='ocrx_word' id='word_1_271' title='bbox 319 3712 591 3773; x_wconf 79' lang='lat' dir='ltr'>vestram,</span> <span class='ocrx_word' id='word_1_272' title='bbox 622 3702 692 3760; x_wconf 91' lang='lat' dir='ltr'>de</span> <span class='ocrx_word' id='word_1_273' title='bbox 722 3705 966 3774; x_wconf 89' lang='lat' dir='ltr'>Corpore</span> <span class='ocrx_word' id='word_1_274' title='bbox 990 3717 1117 3758; x_wconf 92' lang='lat' dir='ltr'>meo</span> <span class='ocrx_word' id='word_1_275' title='bbox 1146 3699 1495 3758; x_wconf 90' lang='lat' dir='ltr'>manducan-</span> 
     </span>
     <span class='ocr_line' id='line_1_48' title="bbox 318 3773 1497 3848; baseline -0.003 -14"><span class='ocrx_word' id='word_1_276' title='bbox 318 3778 416 3848; x_wconf 90' lang='lat' dir='ltr'>do,</span> <span class='ocrx_word' id='word_1_277' title='bbox 444 3781 504 3833; x_wconf 85' lang='lat' dir='ltr'>et</span> <span class='ocrx_word' id='word_1_278' title='bbox 532 3777 604 3833; x_wconf 89' lang='lat' dir='ltr'>de</span> <span class='ocrx_word' id='word_1_279' title='bbox 639 3777 926 3846; x_wconf 87' lang='lat' dir='ltr'>Sanguine</span> <span class='ocrx_word' id='word_1_280' title='bbox 957 3773 1222 3840; x_wconf 91' lang='lat' dir='ltr'>bibendo,</span> <span class='ocrx_word' id='word_1_281' title='bbox 1260 3787 1287 3827; x_wconf 88' lang='lat' dir='ltr'>s</span> <span class='ocrx_word' id='word_1_282' title='bbox 1329 3774 1497 3830; x_wconf 74' lang='lat' dir='ltr'>iritus</span> 
     </span>
     <span class='ocr_line' id='line_1_49' title="bbox 310 3844 1496 3918; baseline -0.003 -12"><span class='ocrx_word' id='word_1_283' title='bbox 310 3853 375 3905; x_wconf 84' lang='lat' dir='ltr'>-et</span> <span class='ocrx_word' id='word_1_284' title='bbox 402 3852 522 3906; x_wconf 84' lang='lat' dir='ltr'>vita</span> <span class='ocrx_word' id='word_1_285' title='bbox 548 3852 697 3918; x_wconf 88' lang='lat' dir='ltr'>sunt,</span> <span class='ocrx_word' id='word_1_286' title='bbox 711 3847 881 3917; x_wconf 86' lang='lat' dir='ltr'>idest</span> <span class='ocrx_word' id='word_1_287' title='bbox 902 3844 1260 3917; x_wconf 87' lang='lat' dir='ltr'>spiritualem</span> <span class='ocrx_word' id='word_1_288' title='bbox 1322 3846 1496 3902; x_wconf 89' lang='lat' dir='ltr'>abent</span> 
     </span>
     <span class='ocr_line' id='line_1_50' title="bbox 314 3917 1493 3990; baseline -0.002 -14"><span class='ocrx_word' id='word_1_289' title='bbox 314 3921 692 3985; x_wconf 84' lang='lat' dir='ltr'>intellectum,</span> <span class='ocrx_word' id='word_1_290' title='bbox 717 3924 774 3976; x_wconf 88' lang='lat' dir='ltr'>et</span> <span class='ocrx_word' id='word_1_291' title='bbox 799 3917 1170 3990; x_wconf 88' lang='lat' dir='ltr'>spiritualiter</span> <span class='ocrx_word' id='word_1_292' title='bbox 1191 3922 1249 3973; x_wconf 91' lang='lat' dir='ltr'>et</span> <span class='ocrx_word' id='word_1_293' title='bbox 1274 3932 1392 3973; x_wconf 89' lang='lat' dir='ltr'>non</span> <span class='ocrx_word' id='word_1_294' title='bbox 1421 3918 1493 3974; x_wconf 92' lang='lat' dir='ltr'>ad</span> 
     </span>
     <span class='ocr_line' id='line_1_51' title="bbox 314 3988 1494 4064; baseline -0.003 -16"><span class='ocrx_word' id='word_1_295' title='bbox 314 3991 569 4049; x_wconf 85' lang='lat' dir='ltr'>litteram</span> <span class='ocrx_word' id='word_1_296' title='bbox 604 3990 977 4064; x_wconf 89' lang='lat' dir='ltr'>intelligenda</span> <span class='ocrx_word' id='word_1_297' title='bbox 1012 3994 1164 4059; x_wconf 89' lang='lat' dir='ltr'>sunt,</span> <span class='ocrx_word' id='word_1_298' title='bbox 1204 3992 1260 4046; x_wconf 89' lang='lat' dir='ltr'>et</span> <span class='ocrx_word' id='word_1_299' title='bbox 1283 3988 1378 4045; x_wconf 75' lang='lat' dir='ltr'>vsic</span> <span class='ocrx_word' id='word_1_300' title='bbox 1416 3990 1494 4044; x_wconf 82' lang='lat' dir='ltr'>vi·</span> 
     </span>
     <span class='ocr_line' id='line_1_52' title="bbox 312 4062 1493 4132; baseline -0.003 -13"><span class='ocrx_word' id='word_1_301' title='bbox 312 4063 565 4121; x_wconf 79' lang='lat' dir='ltr'>vificant.</span> <span class='ocrx_word' id='word_1_302' title='bbox 593 4066 804 4119; x_wconf 79' lang='lat' dir='ltr'>Littera</span> <span class='ocrx_word' id='word_1_303' title='bbox 829 4066 974 4119; x_wconf 89' lang='lat' dir='ltr'>enim</span> <span class='ocrx_word' id='word_1_304' title='bbox 995 4063 1226 4128; x_wconf 76' lang='lat' dir='ltr'>occidit3</span> <span class='ocrx_word' id='word_1_305' title='bbox 1256 4062 1493 4132; x_wconf 83' lang='lat' dir='ltr'>spiritus</span> 
     </span>
     <span class='ocr_line' id='line_1_53' title="bbox 312 4132 1490 4206; baseline -0.002 -16"><span class='ocrx_word' id='word_1_306' title='bbox 312 4141 497 4191; x_wconf 86' lang='lat' dir='ltr'>autem</span> <span class='ocrx_word' id='word_1_307' title='bbox 545 4137 795 4206; x_wconf 75' lang='lat' dir='ltr'>vivificat</span> <span class='ocrx_word' id='word_1_308' title='bbox 851 4153 869 4190; x_wconf 75' lang='grc' dir='ltr'><strong><em>ε</em></strong></span> <span class='ocrx_word' id='word_1_309' title='bbox 925 4150 1060 4190; x_wconf 89' lang='lat' dir='ltr'>nam</span> <span class='ocrx_word' id='word_1_310' title='bbox 1118 4135 1262 4189; x_wconf 89' lang='lat' dir='ltr'>sicut</span> <span class='ocrx_word' id='word_1_311' title='bbox 1323 4132 1490 4204; x_wconf 84' lang='lat' dir='ltr'>palea</span> 
     </span>
     <span class='ocr_line' id='line_1_54' title="bbox 309 4203 1489 4276; baseline -0.001 -16"><span class='ocrx_word' id='word_1_312' title='bbox 309 4204 688 4275; x_wconf 79' lang='lat' dir='ltr'>frumentum3</span> <span class='ocrx_word' id='word_1_313' title='bbox 726 4208 806 4262; x_wconf 89' lang='lat' dir='ltr'>sic</span> <span class='ocrx_word' id='word_1_314' title='bbox 835 4209 891 4261; x_wconf 90' lang='lat' dir='ltr'>et</span> <span class='ocrx_word' id='word_1_315' title='bbox 924 4204 1118 4261; x_wconf 86' lang='lat' dir='ltr'>littera</span> <span class='ocrx_word' id='word_1_316' title='bbox 1143 4203 1287 4276; x_wconf 88' lang='lat' dir='ltr'>tegit</span> <span class='ocrx_word' id='word_1_317' title='bbox 1317 4203 1489 4274; x_wconf 89' lang='lat' dir='ltr'>spiri-</span> 
     </span>
     <span class='ocr_line' id='line_1_55' title="bbox 306 4275 1484 4346; baseline 0.003 -17"><span class='ocrx_word' id='word_1_318' title='bbox 306 4280 451 4330; x_wconf 84' lang='lat' dir='ltr'>tum.</span> <span class='ocrx_word' id='word_1_319' title='bbox 512 4276 654 4331; x_wconf 86' lang='lat' dir='ltr'>Hinc</span> <span class='ocrx_word' id='word_1_320' title='bbox 714 4277 869 4333; x_wconf 91' lang='lat' dir='ltr'>enim</span> <span class='ocrx_word' id='word_1_321' title='bbox 924 4276 1106 4331; x_wconf 82' lang='lat' dir='ltr'>voluit</span> <span class='ocrx_word' id='word_1_322' title='bbox 1162 4275 1484 4346; x_wconf 85' lang='lat' dir='ltr'>intelligere</span> 
     </span>
     <span class='ocr_line' id='line_1_56' title="bbox 303 4345 1485 4417; baseline -0.002 -14"><span class='ocrx_word' id='word_1_323' title='bbox 303 4345 744 4404; x_wconf 75' lang='lat' dir='ltr'>manducatores</span> <span class='ocrx_word' id='word_1_324' title='bbox 778 4350 838 4405; x_wconf 89' lang='lat' dir='ltr'>et</span> <span class='ocrx_word' id='word_1_325' title='bbox 866 4350 1162 4417; x_wconf 82' lang='lat' dir='ltr'>potatores</span> <span class='ocrx_word' id='word_1_326' title='bbox 1200 4348 1389 4403; x_wconf 89' lang='lat' dir='ltr'>carnis</span> <span class='ocrx_word' id='word_1_327' title='bbox 1426 4350 1485 4402; x_wconf 88' lang='lat' dir='ltr'>et</span> 
     </span>
    </p>
   </div>
   <div class='ocr_carea' id='block_1_3' title="bbox 1577 4059 2267 4125">
    <p class='ocr_par' dir='ltr' id='par_1_6' title="bbox 1577 4059 2267 4125">
     <span class='ocr_line' id='line_1_57' title="bbox 1577 4059 2267 4125; baseline -0.004 -11"><span class='ocrx_word' id='word_1_328' title='bbox 1577 4111 1580 4114; x_wconf 87' lang='lat'>.</span> <span class='ocrx_word' id='word_1_329' title='bbox 1611 4059 1744 4115; x_wconf 81' lang='lat' dir='ltr'>vitae</span> <span class='ocrx_word' id='word_1_330' title='bbox 1762 4062 1992 4114; x_wconf 80' lang='lat' dir='ltr'>aeternae</span> <span class='ocrx_word' id='word_1_331' title='bbox 2015 4073 2031 4125; x_wconf 82' lang='lat'><em>3</em></span> <span class='ocrx_word' id='word_1_332' title='bbox 2053 4061 2116 4113; x_wconf 87' lang='lat' dir='ltr'>tu</span> <span class='ocrx_word' id='word_1_333' title='bbox 2130 4070 2267 4112; x_wconf 87' lang='lat' dir='ltr'>vero</span> 
     </span>
    </p>
   </div>
   <div class='ocr_carea' id='block_1_4' title="bbox 1607 500 2826 4401">
    <p class='ocr_par' dir='ltr' id='par_1_7' title="bbox 1637 500 2826 645">
     <span class='ocr_line' id='line_1_58' title="bbox 1639 500 2826 577; baseline 0.003 -18"><span class='ocrx_word' id='word_1_334' title='bbox 1639 502 1932 573; x_wconf 80' lang='lat' dir='ltr'>sanguinis</span> <span class='ocrx_word' id='word_1_335' title='bbox 1966 500 2074 572; x_wconf 88' lang='lat' dir='ltr'>sui,</span> <span class='ocrx_word' id='word_1_336' title='bbox 2108 506 2172 558; x_wconf 92' lang='lat' dir='ltr'>ut</span> <span class='ocrx_word' id='word_1_337' title='bbox 2206 502 2269 559; x_wconf 90' lang='lat' dir='ltr'>in</span> <span class='ocrx_word' id='word_1_338' title='bbox 2314 501 2412 558; x_wconf 90' lang='lat' dir='ltr'>illo</span> <span class='ocrx_word' id='word_1_339' title='bbox 2441 508 2732 577; x_wconf 69' lang='lat' dir='ltr'>maneant,</span> <span class='ocrx_word' id='word_1_340' title='bbox 2766 508 2826 563; x_wconf 81' lang='lat' dir='ltr'>et</span> 
     </span>
     <span class='ocr_line' id='line_1_59' title="bbox 1637 572 2010 645; baseline -0.005 -15"><span class='ocrx_word' id='word_1_341' title='bbox 1637 574 1761 645; x_wconf 91' lang='lat' dir='ltr'>ipse</span> <span class='ocrx_word' id='word_1_342' title='bbox 1787 574 1846 628; x_wconf 90' lang='lat' dir='ltr'>in</span> <span class='ocrx_word' id='word_1_343' title='bbox 1878 572 2010 629; x_wconf 81' lang='lat' dir='ltr'>illis.</span> 
     </span>
    </p>

    <p class='ocr_par' dir='ltr' id='par_1_8' title="bbox 1607 645 2820 4401">
     <span class='ocr_line' id='line_1_60' title="bbox 1709 645 2820 708; baseline 0.006 -6"><span class='ocrx_word' id='word_1_344' title='bbox 1709 652 1740 702; x_wconf 84' lang='lat'><strong>5</strong></span> <span class='ocrx_word' id='word_1_345' title='bbox 1773 648 2012 700; x_wconf 73' lang='lat' dir='ltr'>anva</span> <span class='ocrx_word' id='word_1_346' title='bbox 2062 645 2231 701; x_wconf 70' lang='lat' dir='ltr'>Pam</span> <span class='ocrx_word' id='word_1_347' title='bbox 2266 662 2585 704; x_wconf 75' lang='lat' dir='ltr'>RESPONslo.</span> <span class='ocrx_word' id='word_1_348' title='bbox 2625 679 2691 690; x_wconf 91' lang='lat'>—</span> <span class='ocrx_word' id='word_1_349' title='bbox 2726 653 2820 708; x_wconf 72' lang='lat' dir='ltr'>Ex</span> 
     </span>
     <span class='ocr_line' id='line_1_61' title="bbox 1639 717 2805 791; baseline 0.003 -18"><span class='ocrx_word' id='word_1_350' title='bbox 1639 719 1738 773; x_wconf 84' lang='lat' dir='ltr'>hoc</span> <span class='ocrx_word' id='word_1_351' title='bbox 1770 723 1961 773; x_wconf 92' lang='lat' dir='ltr'>autem</span> <span class='ocrx_word' id='word_1_352' title='bbox 2014 719 2182 771; x_wconf 83' lang='lat' dir='ltr'>multi</span> <span class='ocrx_word' id='word_1_353' title='bbox 2226 717 2626 789; x_wconf 81' lang='lat' dir='ltr'>discipulorum</span> <span class='ocrx_word' id='word_1_354' title='bbox 2661 720 2805 791; x_wconf 84' lang='lat' dir='ltr'>ejus,</span> 
     </span>
     <span class='ocr_line' id='line_1_62' title="bbox 1636 786 2812 862; baseline 0.004 -19"><span class='ocrx_word' id='word_1_355' title='bbox 1636 787 1696 843; x_wconf 88' lang='lat' dir='ltr'>in</span> <span class='ocrx_word' id='word_1_356' title='bbox 1740 788 2001 845; x_wconf 87' lang='lat' dir='ltr'>doctrina</span> <span class='ocrx_word' id='word_1_357' title='bbox 2033 786 2211 857; x_wconf 89' lang='lat' dir='ltr'>ipsius</span> <span class='ocrx_word' id='word_1_358' title='bbox 2253 804 2372 844; x_wconf 89' lang='lat' dir='ltr'>non</span> <span class='ocrx_word' id='word_1_359' title='bbox 2405 790 2812 862; x_wconf 85' lang='lat' dir='ltr'>perfectorum,</span> 
     </span>
     <span class='ocr_line' id='line_1_63' title="bbox 1637 858 2816 929; baseline 0.005 -15"><span class='ocrx_word' id='word_1_360' title='bbox 1637 859 1733 929; x_wconf 89' lang='lat' dir='ltr'>qui</span> <span class='ocrx_word' id='word_1_361' title='bbox 1758 860 1831 915; x_wconf 88' lang='lat' dir='ltr'>ad</span> <span class='ocrx_word' id='word_1_362' title='bbox 1851 858 2200 915; x_wconf 90' lang='lat' dir='ltr'>audiendum</span> <span class='ocrx_word' id='word_1_363' title='bbox 2224 859 2351 929; x_wconf 89' lang='lat' dir='ltr'>ejus</span> <span class='ocrx_word' id='word_1_364' title='bbox 2377 860 2700 918; x_wconf 89' lang='lat' dir='ltr'>doctrinam</span> <span class='ocrx_word' id='word_1_365' title='bbox 2727 866 2757 920; x_wconf 87' lang='lat' dir='ltr'>J</span> <span class='ocrx_word' id='word_1_366' title='bbox 2763 880 2816 921; x_wconf 91' lang='lat' dir='ltr'>e-</span> 
     </span>
     <span class='ocr_line' id='line_1_64' title="bbox 1636 929 2812 1002; baseline 0.004 -16"><span class='ocrx_word' id='word_1_367' title='bbox 1636 947 1762 986; x_wconf 93' lang='lat' dir='ltr'>sum</span> <span class='ocrx_word' id='word_1_368' title='bbox 1799 935 2103 1001; x_wconf 87' lang='lat' dir='ltr'>sequentes</span> <span class='ocrx_word' id='word_1_369' title='bbox 2154 929 2521 1002; x_wconf 76' lang='lat' dir='ltr'>videbantur,</span> <span class='ocrx_word' id='word_1_370' title='bbox 2566 934 2668 988; x_wconf 88' lang='lat' dir='ltr'>sed</span> <span class='ocrx_word' id='word_1_371' title='bbox 2698 949 2812 992; x_wconf 93' lang='lat' dir='ltr'>non</span> 
     </span>
     <span class='ocr_line' id='line_1_65' title="bbox 1635 1000 2807 1073; baseline 0.002 -15"><span class='ocrx_word' id='word_1_372' title='bbox 1635 1007 1801 1058; x_wconf 88' lang='lat' dir='ltr'>eraut</span> <span class='ocrx_word' id='word_1_373' title='bbox 1828 1018 1962 1058; x_wconf 87' lang='lat' dir='ltr'>vere</span> <span class='ocrx_word' id='word_1_374' title='bbox 2005 1000 2290 1073; x_wconf 90' lang='lat' dir='ltr'>discipuli,</span> <span class='ocrx_word' id='word_1_375' title='bbox 2318 1004 2576 1059; x_wconf 87' lang='lat' dir='ltr'>abierunt</span> <span class='ocrx_word' id='word_1_376' title='bbox 2600 1010 2807 1060; x_wconf 84' lang='lat' dir='ltr'>retror-</span> 
     </span>
     <span class='ocr_line' id='line_1_66' title="bbox 1633 1076 2817 1145; baseline 0.003 -16"><span class='ocrx_word' id='word_1_377' title='bbox 1633 1090 1776 1138; x_wconf 88' lang='lat' dir='ltr'>sum,</span> <span class='ocrx_word' id='word_1_378' title='bbox 1801 1078 1973 1145; x_wconf 88' lang='lat' dir='ltr'>atque</span> <span class='ocrx_word' id='word_1_379' title='bbox 2002 1078 2474 1142; x_wconf 88' lang='lat' dir='ltr'>retrocesserunt,</span> <span class='ocrx_word' id='word_1_380' title='bbox 2494 1080 2547 1129; x_wconf 92' lang='lat' dir='ltr'>et</span> <span class='ocrx_word' id='word_1_381' title='bbox 2557 1076 2681 1143; x_wconf 84' lang='lat' dir='ltr'>jam</span> <span class='ocrx_word' id='word_1_382' title='bbox 2704 1092 2817 1134; x_wconf 88' lang='lat' dir='ltr'>non</span> 
     </span>
     <span class='ocr_line' id='line_1_67' title="bbox 1634 1145 2814 1215; baseline 0.003 -15"><span class='ocrx_word' id='word_1_383' title='bbox 1634 1161 1756 1200; x_wconf 87' lang='lat' dir='ltr'>cum</span> <span class='ocrx_word' id='word_1_384' title='bbox 1806 1146 1904 1200; x_wconf 88' lang='lat' dir='ltr'>illo</span> <span class='ocrx_word' id='word_1_385' title='bbox 1951 1145 2314 1201; x_wconf 86' lang='lat' dir='ltr'>ambulabant</span> <span class='ocrx_word' id='word_1_386' title='bbox 2362 1146 2683 1215; x_wconf 89' lang='lat' dir='ltr'>credentes,</span> <span class='ocrx_word' id='word_1_387' title='bbox 2723 1148 2814 1204; x_wconf 79' lang='lat' dir='ltr'>vel</span> 
     </span>
     <span class='ocr_line' id='line_1_68' title="bbox 1636 1215 2811 1287; baseline 0.003 -17"><span class='ocrx_word' id='word_1_388' title='bbox 1636 1231 1737 1284; x_wconf 91' lang='lat' dir='ltr'>per</span> <span class='ocrx_word' id='word_1_389' title='bbox 1799 1215 2200 1287; x_wconf 75' lang='lat' dir='ltr'>poenitentiam</span> <span class='ocrx_word' id='word_1_390' title='bbox 2262 1217 2590 1273; x_wconf 77' lang='lat' dir='ltr'>redeuntes·</span> <span class='ocrx_word' id='word_1_391' title='bbox 2646 1220 2811 1274; x_wconf 54' lang='lat' dir='ltr'>Discit</span> 
     </span>
     <span class='ocr_line' id='line_1_69' title="bbox 1633 1286 2813 1358; baseline 0.004 -17"><span class='ocrx_word' id='word_1_392' title='bbox 1633 1300 1760 1355; x_wconf 72' lang='lat' dir='ltr'>erqo</span> <span class='ocrx_word' id='word_1_393' title='bbox 1786 1290 1943 1344; x_wconf 80' lang='lat' dir='ltr'>Jesus</span> <span class='ocrx_word' id='word_1_394' title='bbox 1974 1287 2050 1341; x_wconf 88' lang='lat' dir='ltr'>ad</span> <span class='ocrx_word' id='word_1_395' title='bbox 2089 1286 2375 1343; x_wconf 82' lang='lat' dir='ltr'>duodecim</span> <span class='ocrx_word' id='word_1_396' title='bbox 2400 1305 2416 1341; x_wconf 76' lang='grc' dir='ltr'><em>τ</em></span> <span class='ocrx_word' id='word_1_397' title='bbox 2444 1290 2735 1358; x_wconf 82' lang='lat' dir='ltr'>Numquid</span> <span class='ocrx_word' id='word_1_398' title='bbox 2761 1294 2813 1346; x_wconf 79' lang='lat' dir='ltr'>et</span> 
     </span>
     <span class='ocr_line' id='line_1_70' title="bbox 1632 1357 2808 1431; baseline 0.003 -18"><span class='ocrx_word' id='word_1_399' title='bbox 1632 1374 1729 1413; x_wconf 84' lang='lat' dir='ltr'>vos</span> <span class='ocrx_word' id='word_1_400' title='bbox 1753 1374 1896 1427; x_wconf 80' lang='lat' dir='ltr'>quos</span> <span class='ocrx_word' id='word_1_401' title='bbox 1925 1357 2246 1429; x_wconf 88' lang='lat' dir='ltr'>specialiter</span> <span class='ocrx_word' id='word_1_402' title='bbox 2285 1357 2453 1431; x_wconf 91' lang='lat' dir='ltr'>elegi,</span> <span class='ocrx_word' id='word_1_403' title='bbox 2484 1362 2659 1415; x_wconf 88' lang='lat' dir='ltr'>vultis</span> <span class='ocrx_word' id='word_1_404' title='bbox 2685 1362 2808 1416; x_wconf 80' lang='lat' dir='ltr'>abi-</span> 
     </span>
     <span class='ocr_line' id='line_1_71' title="bbox 1629 1428 2810 1501; baseline 0.003 -17"><span class='ocrx_word' id='word_1_405' title='bbox 1629 1433 1735 1484; x_wconf 86' lang='lat' dir='ltr'>re?</span> <span class='ocrx_word' id='word_1_406' title='bbox 1765 1432 1888 1485; x_wconf 92' lang='lat' dir='ltr'>Non</span> <span class='ocrx_word' id='word_1_407' title='bbox 1920 1430 2065 1501; x_wconf 89' lang='lat' dir='ltr'>petit</span> <span class='ocrx_word' id='word_1_408' title='bbox 2093 1428 2255 1500; x_wconf 89' lang='lat' dir='ltr'>quasi</span> <span class='ocrx_word' id='word_1_409' title='bbox 2291 1428 2584 1501; x_wconf 78' lang='lat' dir='ltr'>ignoranS,</span> <span class='ocrx_word' id='word_1_410' title='bbox 2619 1432 2719 1488; x_wconf 90' lang='lat' dir='ltr'>sed</span> <span class='ocrx_word' id='word_1_411' title='bbox 2747 1436 2810 1488; x_wconf 86' lang='lat' dir='ltr'>ut</span> 
     </span>
     <span class='ocr_line' id='line_1_72' title="bbox 1633 1500 2812 1574; baseline 0.004 -20"><span class='ocrx_word' id='word_1_412' title='bbox 1633 1502 1902 1557; x_wconf 89' lang='lat' dir='ltr'>ostendat</span> <span class='ocrx_word' id='word_1_413' title='bbox 1952 1517 2012 1557; x_wconf 90' lang='lat' dir='ltr'>se</span> <span class='ocrx_word' id='word_1_414' title='bbox 2064 1501 2148 1557; x_wconf 91' lang='lat' dir='ltr'>eis</span> <span class='ocrx_word' id='word_1_415' title='bbox 2192 1517 2309 1557; x_wconf 89' lang='lat' dir='ltr'>non</span> <span class='ocrx_word' id='word_1_416' title='bbox 2353 1500 2635 1573; x_wconf 85' lang='lat' dir='ltr'>indigere,</span> <span class='ocrx_word' id='word_1_417' title='bbox 2677 1502 2812 1574; x_wconf 89' lang='lat' dir='ltr'>quia</span> 
     </span>
     <span class='ocr_line' id='line_1_73' title="bbox 1630 1572 2814 1643; baseline 0.003 -17"><span class='ocrx_word' id='word_1_418' title='bbox 1630 1572 1793 1643; x_wconf 90' lang='lat' dir='ltr'>ponit</span> <span class='ocrx_word' id='word_1_419' title='bbox 1820 1572 1883 1628; x_wconf 92' lang='lat' dir='ltr'>in</span> <span class='ocrx_word' id='word_1_420' title='bbox 1913 1588 2111 1629; x_wconf 88' lang='lat' dir='ltr'>eorum</span> <span class='ocrx_word' id='word_1_421' title='bbox 2143 1572 2375 1642; x_wconf 90' lang='lat' dir='ltr'>optione</span> <span class='ocrx_word' id='word_1_422' title='bbox 2405 1589 2535 1628; x_wconf 90' lang='lat' dir='ltr'>cum</span> <span class='ocrx_word' id='word_1_423' title='bbox 2562 1574 2689 1629; x_wconf 89' lang='lat' dir='ltr'>aliis</span> <span class='ocrx_word' id='word_1_424' title='bbox 2714 1589 2814 1630; x_wconf 89' lang='lat' dir='ltr'>re-</span> 
     </span>
     <span class='ocr_line' id='line_1_74' title="bbox 1631 1643 2816 1714; baseline 0.003 -17"><span class='ocrx_word' id='word_1_425' title='bbox 1631 1644 1855 1699; x_wconf 85' lang='lat' dir='ltr'>cedere.</span> <span class='ocrx_word' id='word_1_426' title='bbox 1918 1645 1986 1697; x_wconf 89' lang='lat' dir='ltr'>Et</span> <span class='ocrx_word' id='word_1_427' title='bbox 2030 1644 2220 1698; x_wconf 88' lang='lat' dir='ltr'>Simon</span> <span class='ocrx_word' id='word_1_428' title='bbox 2291 1645 2488 1696; x_wconf 84' lang='lat' dir='ltr'>Petrus</span> <span class='ocrx_word' id='word_1_429' title='bbox 2543 1643 2641 1714; x_wconf 91' lang='lat' dir='ltr'>qui</span> <span class='ocrx_word' id='word_1_430' title='bbox 2688 1649 2816 1703; x_wconf 85' lang='lat' dir='ltr'>erat</span> 
     </span>
     <span class='ocr_line' id='line_1_75' title="bbox 1628 1712 2809 1785; baseline 0.002 -16"><span class='ocrx_word' id='word_1_431' title='bbox 1628 1712 2021 1785; x_wconf 89' lang='lat' dir='ltr'>principalior,</span> <span class='ocrx_word' id='word_1_432' title='bbox 2067 1716 2124 1768; x_wconf 89' lang='lat' dir='ltr'>et</span> <span class='ocrx_word' id='word_1_433' title='bbox 2167 1712 2442 1767; x_wconf 90' lang='lat' dir='ltr'>obediens</span> <span class='ocrx_word' id='word_1_434' title='bbox 2478 1728 2546 1767; x_wconf 89' lang='lat' dir='ltr'>ac</span> <span class='ocrx_word' id='word_1_435' title='bbox 2602 1714 2809 1771; x_wconf 84' lang='lat' dir='ltr'>firmus</span> 
     </span>
     <span class='ocr_line' id='line_1_76' title="bbox 1628 1781 2804 1854; baseline 0 -15"><span class='ocrx_word' id='word_1_436' title='bbox 1628 1785 1772 1841; x_wconf 90' lang='lat' dir='ltr'>sicut</span> <span class='ocrx_word' id='word_1_437' title='bbox 1812 1788 1992 1854; x_wconf 87' lang='lat' dir='ltr'>petra,</span> <span class='ocrx_word' id='word_1_438' title='bbox 2036 1786 2093 1837; x_wconf 91' lang='lat' dir='ltr'>et</span> <span class='ocrx_word' id='word_1_439' title='bbox 2144 1781 2203 1836; x_wconf 92' lang='lat' dir='ltr'>in</span> <span class='ocrx_word' id='word_1_440' title='bbox 2241 1781 2511 1837; x_wconf 90' lang='lat' dir='ltr'>omnibus</span> <span class='ocrx_word' id='word_1_441' title='bbox 2555 1782 2804 1840; x_wconf 86' lang='lat' dir='ltr'>maxime</span> 
     </span>
     <span class='ocr_line' id='line_1_77' title="bbox 1626 1850 2801 1924; baseline 0 -14"><span class='ocrx_word' id='word_1_442' title='bbox 1626 1856 1698 1911; x_wconf 92' lang='lat' dir='ltr'>ad</span> <span class='ocrx_word' id='word_1_443' title='bbox 1744 1857 1955 1909; x_wconf 87' lang='lat' dir='ltr'>interro</span> <span class='ocrx_word' id='word_1_444' title='bbox 1997 1852 2208 1908; x_wconf 89' lang='lat' dir='ltr'>andum</span> <span class='ocrx_word' id='word_1_445' title='bbox 2259 1850 2587 1916; x_wconf 89' lang='lat' dir='ltr'>Dominum,</span> <span class='ocrx_word' id='word_1_446' title='bbox 2629 1854 2801 1924; x_wconf 87' lang='lat' dir='ltr'>eique</span> 
     </span>
     <span class='ocr_line' id='line_1_78' title="bbox 1625 1923 2805 1996; baseline -0.002 -14"><span class='ocrx_word' id='word_1_447' title='bbox 1625 1925 1948 1996; x_wconf 90' lang='lat' dir='ltr'>responden</span> <span class='ocrx_word' id='word_1_448' title='bbox 1997 1939 2090 1979; x_wconf 93' lang='lat' dir='ltr'>um</span> <span class='ocrx_word' id='word_1_449' title='bbox 2134 1928 2448 1994; x_wconf 74' lang='lat' dir='ltr'>promptus,</span> <span class='ocrx_word' id='word_1_450' title='bbox 2480 1939 2547 1979; x_wconf 89' lang='lat' dir='ltr'>ex</span> <span class='ocrx_word' id='word_1_451' title='bbox 2574 1923 2805 1981; x_wconf 85' lang='lat' dir='ltr'>fervore</span> 
     </span>
     <span class='ocr_line' id='line_1_79' title="bbox 1627 1993 2807 2066; baseline -0.001 -13"><span class='ocrx_word' id='word_1_452' title='bbox 1627 1996 1903 2066; x_wconf 87' lang='lat' dir='ltr'>caritatis,</span> <span class='ocrx_word' id='word_1_453' title='bbox 1934 2011 2037 2066; x_wconf 88' lang='lat' dir='ltr'>pro</span> <span class='ocrx_word' id='word_1_454' title='bbox 2064 2010 2125 2050; x_wconf 92' lang='lat' dir='ltr'>se</span> <span class='ocrx_word' id='word_1_455' title='bbox 2153 1999 2211 2050; x_wconf 87' lang='lat' dir='ltr'>et</span> <span class='ocrx_word' id='word_1_456' title='bbox 2238 1993 2365 2049; x_wconf 91' lang='lat' dir='ltr'>aliis</span> <span class='ocrx_word' id='word_1_457' title='bbox 2390 1996 2678 2065; x_wconf 80' lang='lat' dir='ltr'>respondit</span> <span class='ocrx_word' id='word_1_458' title='bbox 2706 1998 2759 2050; x_wconf 91' lang='lat' dir='ltr'>ei</span> <span class='ocrx_word' id='word_1_459' title='bbox 2790 2013 2807 2052; x_wconf 75' lang='lat' dir='ltr'>t</span> 
     </span>
     <span class='ocr_line' id='line_1_80' title="bbox 1623 2066 2807 2137; baseline -0.003 -13"><span class='ocrx_word' id='word_1_460' title='bbox 1623 2072 1874 2137; x_wconf 81' lang='lat' dir='ltr'>Domine,</span> <span class='ocrx_word' id='word_1_461' title='bbox 1902 2066 1962 2123; x_wconf 93' lang='lat' dir='ltr'>in</span> <span class='ocrx_word' id='word_1_462' title='bbox 1994 2067 2154 2137; x_wconf 76' lang='lat' dir='ltr'>quus</span> <span class='ocrx_word' id='word_1_463' title='bbox 2188 2066 2406 2121; x_wconf 87' lang='lat' dir='ltr'>ditione</span> <span class='ocrx_word' id='word_1_464' title='bbox 2433 2070 2637 2121; x_wconf 91' lang='lat' dir='ltr'>cuncta</span> <span class='ocrx_word' id='word_1_465' title='bbox 2670 2070 2807 2122; x_wconf 89' lang='lat' dir='ltr'>sunt</span> 
     </span>
     <span class='ocr_line' id='line_1_81' title="bbox 1624 2136 2808 2211; baseline -0.001 -16"><span class='ocrx_word' id='word_1_466' title='bbox 1624 2142 1831 2211; x_wconf 89' lang='lat' dir='ltr'>posita,</span> <span class='ocrx_word' id='word_1_467' title='bbox 1863 2139 1939 2195; x_wconf 87' lang='lat' dir='ltr'>ad</span> <span class='ocrx_word' id='word_1_468' title='bbox 1968 2148 2128 2209; x_wconf 84' lang='lat' dir='ltr'>quem</span> <span class='ocrx_word' id='word_1_469' title='bbox 2151 2138 2399 2193; x_wconf 81' lang='lat' dir='ltr'>ibimus?</span> <span class='ocrx_word' id='word_1_470' title='bbox 2416 2136 2551 2207; x_wconf 90' lang='lat' dir='ltr'>quia</span> <span class='ocrx_word' id='word_1_471' title='bbox 2574 2152 2692 2193; x_wconf 90' lang='lat' dir='ltr'>non</span> <span class='ocrx_word' id='word_1_472' title='bbox 2717 2142 2808 2194; x_wconf 90' lang='lat' dir='ltr'>est</span> 
     </span>
     <span class='ocr_line' id='line_1_82' title="bbox 1624 2209 2800 2275; baseline -0.002 -9"><span class='ocrx_word' id='word_1_473' title='bbox 1624 2211 1737 2266; x_wconf 87' lang='lat' dir='ltr'>dux</span> <span class='ocrx_word' id='word_1_474' title='bbox 1765 2209 2024 2267; x_wconf 83' lang='lat' dir='ltr'>veritatis</span> <span class='ocrx_word' id='word_1_475' title='bbox 2062 2209 2174 2263; x_wconf 91' lang='lat' dir='ltr'>nisi</span> <span class='ocrx_word' id='word_1_476' title='bbox 2209 2213 2292 2264; x_wconf 91' lang='lat' dir='ltr'>tu.</span> <span class='ocrx_word' id='word_1_477' title='bbox 2336 2210 2507 2275; x_wconf 88' lang='lat' dir='ltr'>Quasi</span> <span class='ocrx_word' id='word_1_478' title='bbox 2542 2210 2800 2264; x_wconf 88' lang='lat' dir='ltr'>diceret:</span> 
     </span>
     <span class='ocr_line' id='line_1_83' title="bbox 1626 2278 2798 2349; baseline -0.003 -12"><span class='ocrx_word' id='word_1_479' title='bbox 1626 2281 1881 2337; x_wconf 83' lang='lat' dir='ltr'>Similem</span> <span class='ocrx_word' id='word_1_480' title='bbox 1916 2279 2004 2335; x_wconf 90' lang='lat' dir='ltr'>tui</span> <span class='ocrx_word' id='word_1_481' title='bbox 2033 2278 2292 2334; x_wconf 89' lang='lat' dir='ltr'>invenire</span> <span class='ocrx_word' id='word_1_482' title='bbox 2317 2294 2434 2333; x_wconf 91' lang='lat' dir='ltr'>non</span> <span class='ocrx_word' id='word_1_483' title='bbox 2463 2294 2798 2349; x_wconf 78' lang='lat' dir='ltr'>possumus3</span> 
     </span>
     <span class='ocr_line' id='line_1_84' title="bbox 1623 2348 2802 2421; baseline -0.002 -13"><span class='ocrx_word' id='word_1_484' title='bbox 1623 2358 1685 2408; x_wconf 91' lang='lat' dir='ltr'>tu</span> <span class='ocrx_word' id='word_1_485' title='bbox 1720 2352 1875 2408; x_wconf 91' lang='lat' dir='ltr'>solus</span> <span class='ocrx_word' id='word_1_486' title='bbox 1907 2348 2126 2406; x_wconf 77' lang='lat' dir='ltr'>sufficis</span> <span class='ocrx_word' id='word_1_487' title='bbox 2151 2348 2339 2412; x_wconf 87' lang='lat' dir='ltr'>nobis,</span> <span class='ocrx_word' id='word_1_488' title='bbox 2367 2354 2605 2420; x_wconf 88' lang='lat' dir='ltr'>propter</span> <span class='ocrx_word' id='word_1_489' title='bbox 2631 2363 2802 2421; x_wconf 86' lang='lat' dir='ltr'>quem</span> 
     </span>
     <span class='ocr_line' id='line_1_85' title="bbox 1624 2419 2804 2492; baseline -0.002 -12"><span class='ocrx_word' id='word_1_490' title='bbox 1624 2425 1819 2480; x_wconf 89' lang='lat' dir='ltr'>omnia</span> <span class='ocrx_word' id='word_1_491' title='bbox 1869 2419 2245 2492; x_wconf 82' lang='lat' dir='ltr'>reliquimus3</span> <span class='ocrx_word' id='word_1_492' title='bbox 2299 2424 2357 2476; x_wconf 90' lang='lat' dir='ltr'>et</span> <span class='ocrx_word' id='word_1_493' title='bbox 2408 2436 2539 2476; x_wconf 91' lang='lat' dir='ltr'>cum</span> <span class='ocrx_word' id='word_1_494' title='bbox 2574 2438 2691 2477; x_wconf 92' lang='lat' dir='ltr'>non</span> <span class='ocrx_word' id='word_1_495' title='bbox 2731 2420 2804 2478; x_wconf 91' lang='lat' dir='ltr'>sit</span> 
     </span>
     <span class='ocr_line' id='line_1_86' title="bbox 1623 2492 2802 2564; baseline -0.003 -13"><span class='ocrx_word' id='word_1_496' title='bbox 1623 2492 1822 2552; x_wconf 85' lang='lat' dir='ltr'>similis</span> <span class='ocrx_word' id='word_1_497' title='bbox 1860 2492 1987 2561; x_wconf 90' lang='lat' dir='ltr'>tibi,</span> <span class='ocrx_word' id='word_1_498' title='bbox 2043 2507 2157 2548; x_wconf 89' lang='lat' dir='ltr'>non</span> <span class='ocrx_word' id='word_1_499' title='bbox 2206 2495 2293 2548; x_wconf 92' lang='lat' dir='ltr'>est</span> <span class='ocrx_word' id='word_1_500' title='bbox 2331 2506 2367 2549; x_wconf 91' lang='lat' dir='ltr'>a</span> <span class='ocrx_word' id='word_1_501' title='bbox 2395 2497 2472 2564; x_wconf 90' lang='lat' dir='ltr'>te,</span> <span class='ocrx_word' id='word_1_502' title='bbox 2506 2494 2608 2549; x_wconf 91' lang='lat' dir='ltr'>sed</span> <span class='ocrx_word' id='word_1_503' title='bbox 2640 2492 2716 2550; x_wconf 86' lang='lat' dir='ltr'>ad</span> <span class='ocrx_word' id='word_1_504' title='bbox 2742 2496 2802 2549; x_wconf 88' lang='lat' dir='ltr'>te</span> 
     </span>
     <span class='ocr_line' id='line_1_87' title="bbox 1625 2564 2805 2634; baseline -0.003 -10"><span class='ocrx_word' id='word_1_505' title='bbox 1625 2567 1897 2624; x_wconf 90' lang='lat' dir='ltr'>eundum.</span> <span class='ocrx_word' id='word_1_506' title='bbox 1929 2564 2090 2622; x_wconf 90' lang='lat' dir='ltr'>Unde</span> <span class='ocrx_word' id='word_1_507' title='bbox 2116 2565 2469 2634; x_wconf 74' lang='lat' dir='ltr'>Auqustinus</span> <span class='ocrx_word' id='word_1_508' title='bbox 2498 2582 2513 2620; x_wconf 72' lang='grc' dir='ltr'>ι</span> <span class='ocrx_word' id='word_1_509' title='bbox 2547 2582 2577 2618; x_wconf 91' lang='lat'>«</span> <span class='ocrx_word' id='word_1_510' title='bbox 2610 2564 2667 2620; x_wconf 94' lang='lat' dir='ltr'>Si</span> <span class='ocrx_word' id='word_1_511' title='bbox 2698 2578 2805 2621; x_wconf 87' lang='lat' dir='ltr'>nos</span> 
     </span>
     <span class='ocr_line' id='line_1_88' title="bbox 1623 2635 2797 2711; baseline -0.003 -16"><span class='ocrx_word' id='word_1_512' title='bbox 1623 2639 1858 2711; x_wconf 90' lang='lat' dir='ltr'>repellis</span> <span class='ocrx_word' id='word_1_513' title='bbox 1904 2654 1940 2694; x_wconf 89' lang='lat' dir='ltr'>a</span> <span class='ocrx_word' id='word_1_514' title='bbox 1987 2641 2066 2705; x_wconf 91' lang='lat' dir='ltr'>te,</span> <span class='ocrx_word' id='word_1_515' title='bbox 2118 2636 2193 2692; x_wconf 91' lang='lat' dir='ltr'>da</span> <span class='ocrx_word' id='word_1_516' title='bbox 2225 2635 2393 2692; x_wconf 91' lang='lat' dir='ltr'>nobis</span> <span class='ocrx_word' id='word_1_517' title='bbox 2434 2635 2680 2692; x_wconf 90' lang='lat' dir='ltr'>alterum</span> <span class='ocrx_word' id='word_1_518' title='bbox 2718 2641 2797 2707; x_wconf 91' lang='lat' dir='ltr'>te,</span> 
     </span>
     <span class='ocr_line' id='line_1_89' title="bbox 1624 2705 2799 2792; baseline -0.003 -27"><span class='ocrx_word' id='word_1_519' title='bbox 1624 2726 1795 2792; x_wconf 76' lang='lat' dir='ltr'>quem</span> <span class='ocrx_word' id='word_1_520' title='bbox 1842 2723 2169 2779; x_wconf 88' lang='lat' dir='ltr'>sequamur.</span> <span class='ocrx_word' id='word_1_521' title='bbox 2222 2709 2288 2762; x_wconf 91' lang='lat' dir='ltr'>In</span> <span class='ocrx_word' id='word_1_522' title='bbox 2351 2705 2504 2762; x_wconf 88' lang='lat' dir='ltr'>Petri</span> <span class='ocrx_word' id='word_1_523' title='bbox 2565 2721 2799 2778; x_wconf 89' lang='lat' dir='ltr'>respon-</span> 
     </span>
     <span class='ocr_line' id='line_1_90' title="bbox 1623 2776 2802 2851; baseline -0.001 -15"><span class='ocrx_word' id='word_1_524' title='bbox 1623 2796 1784 2837; x_wconf 91' lang='lat' dir='ltr'>s1one</span> <span class='ocrx_word' id='word_1_525' title='bbox 1811 2778 2147 2851; x_wconf 87' lang='lat' dir='ltr'>exprimitur</span> <span class='ocrx_word' id='word_1_526' title='bbox 2187 2777 2437 2834; x_wconf 87' lang='lat' dir='ltr'>maxima</span> <span class='ocrx_word' id='word_1_527' title='bbox 2464 2777 2696 2834; x_wconf 90' lang='lat' dir='ltr'>dilectio</span> <span class='ocrx_word' id='word_1_528' title='bbox 2726 2776 2802 2835; x_wconf 88' lang='lat' dir='ltr'>ad</span> 
     </span>
     <span class='ocr_line' id='line_1_91' title="bbox 1623 2849 2793 2920; baseline -0.003 -11"><span class='ocrx_word' id='word_1_529' title='bbox 1623 2851 1932 2909; x_wconf 89' lang='lat' dir='ltr'>Christum.</span> <span class='ocrx_word' id='word_1_530' title='bbox 1967 2871 1997 2901; x_wconf 88' lang='lat'>»</span> <span class='ocrx_word' id='word_1_531' title='bbox 2031 2849 2191 2906; x_wconf 87' lang='lat' dir='ltr'>Unde</span> <span class='ocrx_word' id='word_1_532' title='bbox 2221 2853 2279 2905; x_wconf 90' lang='lat' dir='ltr'>et</span> <span class='ocrx_word' id='word_1_533' title='bbox 2320 2849 2741 2920; x_wconf 79' lang='lat' dir='ltr'>Chrysostomus</span> <span class='ocrx_word' id='word_1_534' title='bbox 2776 2870 2793 2906; x_wconf 71' lang='grc' dir='ltr'><strong>ε</strong></span> 
     </span>
     <span class='ocr_line' id='line_1_92' title="bbox 1624 2919 2801 2992; baseline 0.001 -16"><span class='ocrx_word' id='word_1_535' title='bbox 1624 2946 1656 2976; x_wconf 86' lang='lat'>«</span> <span class='ocrx_word' id='word_1_536' title='bbox 1695 2927 1918 2992; x_wconf 77' lang='lat' dir='ltr'>PetruS,</span> <span class='ocrx_word' id='word_1_537' title='bbox 1950 2923 2194 2978; x_wconf 81' lang='lat' dir='ltr'>fratrum</span> <span class='ocrx_word' id='word_1_538' title='bbox 2227 2925 2453 2978; x_wconf 89' lang='lat' dir='ltr'>amator</span> <span class='ocrx_word' id='word_1_539' title='bbox 2478 2966 2494 2991; x_wconf 94' lang='lat'>,</span> <span class='ocrx_word' id='word_1_540' title='bbox 2528 2919 2801 2977; x_wconf 82' lang='lat' dir='ltr'>amicitiae</span> 
     </span>
     <span class='ocr_line' id='line_1_93' title="bbox 1622 2992 2801 3066; baseline -0.004 -14"><span class='ocrx_word' id='word_1_541' title='bbox 1622 2999 2012 3066; x_wconf 87' lang='lat' dir='ltr'>conservator,</span> <span class='ocrx_word' id='word_1_542' title='bbox 2035 3009 2139 3065; x_wconf 91' lang='lat' dir='ltr'>pro</span> <span class='ocrx_word' id='word_1_543' title='bbox 2165 2997 2285 3050; x_wconf 87' lang='lat' dir='ltr'>toto</span> <span class='ocrx_word' id='word_1_544' title='bbox 2304 2993 2614 3065; x_wconf 86' lang='lat' dir='ltr'>respondet</span> <span class='ocrx_word' id='word_1_545' title='bbox 2634 2992 2801 3049; x_wconf 89' lang='lat' dir='ltr'>colle·</span> 
     </span>
     <span class='ocr_line' id='line_1_94' title="bbox 1620 3065 2801 3138; baseline -0.003 -15"><span class='ocrx_word' id='word_1_546' title='bbox 1620 3067 1714 3138; x_wconf 91' lang='lat' dir='ltr'>gio</span> <span class='ocrx_word' id='word_1_547' title='bbox 1737 3087 1753 3122; x_wconf 77' lang='grc' dir='ltr'><strong><em>ε</em></strong></span> <span class='ocrx_word' id='word_1_548' title='bbox 1772 3070 2018 3135; x_wconf 88' lang='lat' dir='ltr'>Domine,</span> <span class='ocrx_word' id='word_1_549' title='bbox 2041 3065 2117 3121; x_wconf 90' lang='lat' dir='ltr'>ad</span> <span class='ocrx_word' id='word_1_550' title='bbox 2135 3081 2295 3135; x_wconf 79' lang='lat' dir='ltr'>quem</span> <span class='ocrx_word' id='word_1_551' title='bbox 2313 3066 2555 3120; x_wconf 87' lang='lat' dir='ltr'>ibimus?</span> <span class='ocrx_word' id='word_1_552' title='bbox 2570 3066 2688 3119; x_wconf 90' lang='lat' dir='ltr'>Hoc</span> <span class='ocrx_word' id='word_1_553' title='bbox 2707 3078 2801 3119; x_wconf 91' lang='lat' dir='ltr'>au·</span> 
     </span>
     <span class='ocr_line' id='line_1_95' title="bbox 1616 3134 2799 3195; baseline -0.003 -2"><span class='ocrx_word' id='word_1_554' title='bbox 1616 3144 1735 3195; x_wconf 91' lang='lat' dir='ltr'>tem</span> <span class='ocrx_word' id='word_1_555' title='bbox 1761 3139 1999 3194; x_wconf 81' lang='lat' dir='ltr'>verbum</span> <span class='ocrx_word' id='word_1_556' title='bbox 2020 3136 2213 3192; x_wconf 86' lang='lat' dir='ltr'>multae</span> <span class='ocrx_word' id='word_1_557' title='bbox 2233 3134 2592 3189; x_wconf 86' lang='lat' dir='ltr'>amicitiaeest</span> <span class='ocrx_word' id='word_1_558' title='bbox 2611 3138 2799 3190; x_wconf 88' lang='lat' dir='ltr'>osten·</span> 
     </span>
     <span class='ocr_line' id='line_1_96' title="bbox 1615 3202 2798 3278; baseline -0.006 -12"><span class='ocrx_word' id='word_1_559' title='bbox 1615 3211 1827 3275; x_wconf 83' lang='lat' dir='ltr'>sivum3</span> <span class='ocrx_word' id='word_1_560' title='bbox 1845 3209 1967 3278; x_wconf 89' lang='lat' dir='ltr'>jam</span> <span class='ocrx_word' id='word_1_561' title='bbox 1992 3205 2144 3262; x_wconf 90' lang='lat' dir='ltr'>enim</span> <span class='ocrx_word' id='word_1_562' title='bbox 2164 3204 2421 3261; x_wconf 90' lang='lat' dir='ltr'>Christus</span> <span class='ocrx_word' id='word_1_563' title='bbox 2439 3202 2521 3258; x_wconf 92' lang='lat' dir='ltr'>eis</span> <span class='ocrx_word' id='word_1_564' title='bbox 2539 3204 2798 3260; x_wconf 86' lang='lat' dir='ltr'>honora-</span> 
     </span>
     <span class='ocr_line' id='line_1_97' title="bbox 1619 3275 2794 3346; baseline -0.012 -11"><span class='ocrx_word' id='word_1_565' title='bbox 1619 3279 1789 3335; x_wconf 88' lang='lat' dir='ltr'>bilior</span> <span class='ocrx_word' id='word_1_566' title='bbox 1833 3283 1960 3332; x_wconf 90' lang='lat' dir='ltr'>erat</span> <span class='ocrx_word' id='word_1_567' title='bbox 1985 3289 2156 3346; x_wconf 87' lang='lat' dir='ltr'>quam</span> <span class='ocrx_word' id='word_1_568' title='bbox 2189 3277 2378 3342; x_wconf 89' lang='lat' dir='ltr'>patres</span> <span class='ocrx_word' id='word_1_569' title='bbox 2406 3276 2463 3327; x_wconf 93' lang='lat' dir='ltr'>et</span> <span class='ocrx_word' id='word_1_570' title='bbox 2504 3275 2736 3326; x_wconf 79' lang='lat' dir='ltr'>matres,</span> <span class='ocrx_word' id='word_1_571' title='bbox 2761 3291 2794 3321; x_wconf 69' lang='grc' dir='ltr'><strong><em>κ</em></strong></span> 
     </span>
     <span class='ocr_line' id='line_1_98' title="bbox 1617 3342 2799 3404; baseline -0.006 0"><span class='ocrx_word' id='word_1_572' title='bbox 1617 3350 1688 3404; x_wconf 89' lang='lat' dir='ltr'>Et</span> <span class='ocrx_word' id='word_1_573' title='bbox 1717 3347 1910 3403; x_wconf 82' lang='lat' dir='ltr'>subdit</span> <span class='ocrx_word' id='word_1_574' title='bbox 1942 3364 1955 3402; x_wconf 88' lang='lat'><strong>:</strong></span> <span class='ocrx_word' id='word_1_575' title='bbox 1999 3344 2181 3402; x_wconf 82' lang='lat' dir='ltr'>Verba</span> <span class='ocrx_word' id='word_1_576' title='bbox 2227 3345 2356 3397; x_wconf 80' lang='lat' dir='ltr'>vitae</span> <span class='ocrx_word' id='word_1_577' title='bbox 2421 3345 2632 3397; x_wconf 80' lang='lat' dir='ltr'>aetemae</span> <span class='ocrx_word' id='word_1_578' title='bbox 2700 3342 2799 3398; x_wconf 80' lang='lat' dir='ltr'>ha-</span> 
     </span>
     <span class='ocr_line' id='line_1_99' title="bbox 1619 3410 2798 3486; baseline -0.003 -13"><span class='ocrx_word' id='word_1_579' title='bbox 1619 3420 1730 3486; x_wconf 90' lang='lat' dir='ltr'>bes,</span> <span class='ocrx_word' id='word_1_580' title='bbox 1747 3417 1806 3472; x_wconf 93' lang='lat' dir='ltr'>id</span> <span class='ocrx_word' id='word_1_581' title='bbox 1821 3419 1909 3471; x_wconf 90' lang='lat' dir='ltr'>est</span> <span class='ocrx_word' id='word_1_582' title='bbox 1926 3415 2100 3470; x_wconf 87' lang='lat' dir='ltr'>verba</span> <span class='ocrx_word' id='word_1_583' title='bbox 2117 3412 2247 3467; x_wconf 86' lang='lat' dir='ltr'>vitae</span> <span class='ocrx_word' id='word_1_584' title='bbox 2264 3417 2495 3468; x_wconf 84' lang='lat' dir='ltr'>aeternae</span> <span class='ocrx_word' id='word_1_585' title='bbox 2509 3410 2798 3482; x_wconf 83' lang='lat' dir='ltr'>promissi-</span> 
     </span>
     <span class='ocr_line' id='line_1_100' title="bbox 1613 3481 2800 3557; baseline -0.001 -14"><span class='ocrx_word' id='word_1_586' title='bbox 1613 3504 1708 3555; x_wconf 73' lang='lat' dir='ltr'>va,</span> <span class='ocrx_word' id='word_1_587' title='bbox 1721 3491 1775 3542; x_wconf 93' lang='lat' dir='ltr'>et</span> <span class='ocrx_word' id='word_1_588' title='bbox 1792 3486 1866 3541; x_wconf 91' lang='lat' dir='ltr'>ad</span> <span class='ocrx_word' id='word_1_589' title='bbox 1882 3500 2007 3542; x_wconf 89' lang='lat' dir='ltr'>eam</span> <span class='ocrx_word' id='word_1_590' title='bbox 2024 3481 2332 3552; x_wconf 86' lang='lat' dir='ltr'>inductiva,</span> <span class='ocrx_word' id='word_1_591' title='bbox 2343 3484 2553 3557; x_wconf 81' lang='lat' dir='ltr'>quibus</span> <span class='ocrx_word' id='word_1_592' title='bbox 2567 3481 2800 3554; x_wconf 88' lang='lat' dir='ltr'>quinon</span> 
     </span>
     <span class='ocr_line' id='line_1_101' title="bbox 1617 3553 2798 3627; baseline -0.003 -13"><span class='ocrx_word' id='word_1_593' title='bbox 1617 3557 1944 3624; x_wconf 88' lang='lat' dir='ltr'>crediderit,</span> <span class='ocrx_word' id='word_1_594' title='bbox 1958 3555 2020 3611; x_wconf 93' lang='lat' dir='ltr'>in</span> <span class='ocrx_word' id='word_1_595' title='bbox 2051 3559 2328 3611; x_wconf 82' lang='lat' dir='ltr'>aeternum</span> <span class='ocrx_word' id='word_1_596' title='bbox 2352 3553 2580 3627; x_wconf 85' lang='lat' dir='ltr'>peribit.</span> <span class='ocrx_word' id='word_1_597' title='bbox 2605 3553 2713 3621; x_wconf 89' lang='lat' dir='ltr'>Qui</span> <span class='ocrx_word' id='word_1_598' title='bbox 2734 3554 2798 3612; x_wconf 89' lang='lat' dir='ltr'>in</span> 
     </span>
     <span class='ocr_line' id='line_1_102' title="bbox 1616 3624 2796 3697; baseline -0.002 -12"><span class='ocrx_word' id='word_1_599' title='bbox 1616 3627 2037 3686; x_wconf 87' lang='lat' dir='ltr'>ministratione</span> <span class='ocrx_word' id='word_1_600' title='bbox 2066 3624 2332 3697; x_wconf 89' lang='lat' dir='ltr'>Corporis</span> <span class='ocrx_word' id='word_1_601' title='bbox 2382 3630 2440 3682; x_wconf 89' lang='lat' dir='ltr'>et</span> <span class='ocrx_word' id='word_1_602' title='bbox 2489 3625 2796 3696; x_wconf 86' lang='lat' dir='ltr'>Sanguinis</span> 
     </span>
     <span class='ocr_line' id='line_1_103' title="bbox 1618 3696 2791 3772; baseline -0.003 -15"><span class='ocrx_word' id='word_1_603' title='bbox 1618 3699 1700 3758; x_wconf 93' lang='lat' dir='ltr'>tui</span> <span class='ocrx_word' id='word_1_604' title='bbox 1735 3699 2021 3772; x_wconf 86' lang='lat' dir='ltr'>promittis</span> <span class='ocrx_word' id='word_1_605' title='bbox 2044 3698 2242 3767; x_wconf 80' lang='lat' dir='ltr'>vitam,</span> <span class='ocrx_word' id='word_1_606' title='bbox 2276 3696 2450 3754; x_wconf 90' lang='lat' dir='ltr'>etiam</span> <span class='ocrx_word' id='word_1_607' title='bbox 2497 3696 2556 3753; x_wconf 94' lang='lat' dir='ltr'>in</span> <span class='ocrx_word' id='word_1_608' title='bbox 2600 3697 2791 3754; x_wconf 81' lang='lat' dir='ltr'>verbis</span> 
     </span>
     <span class='ocr_line' id='line_1_104' title="bbox 1614 3768 2794 3845; baseline -0.003 -17"><span class='ocrx_word' id='word_1_609' title='bbox 1614 3770 2039 3845; x_wconf 64' lang='lat' dir='ltr'>praedicationis</span> <span class='ocrx_word' id='word_1_610' title='bbox 2055 3774 2168 3827; x_wconf 85' lang='lat' dir='ltr'>tuae</span> <span class='ocrx_word' id='word_1_611' title='bbox 2187 3768 2473 3841; x_wconf 88' lang='lat' dir='ltr'>promittis</span> <span class='ocrx_word' id='word_1_612' title='bbox 2490 3783 2617 3825; x_wconf 92' lang='lat' dir='ltr'>eam</span> <span class='ocrx_word' id='word_1_613' title='bbox 2641 3791 2654 3825; x_wconf 91' lang='lat'><strong>:</strong></span> <span class='ocrx_word' id='word_1_614' title='bbox 2679 3768 2794 3825; x_wconf 78' lang='lat' dir='ltr'>vir-</span> 
     </span>
     <span class='ocr_line' id='line_1_105' title="bbox 1615 3839 2790 3912; baseline -0.005 -11"><span class='ocrx_word' id='word_1_615' title='bbox 1615 3852 1708 3901; x_wconf 90' lang='lat' dir='ltr'>tus</span> <span class='ocrx_word' id='word_1_616' title='bbox 1737 3845 1892 3900; x_wconf 89' lang='lat' dir='ltr'>enim</span> <span class='ocrx_word' id='word_1_617' title='bbox 1927 3843 2029 3900; x_wconf 91' lang='lat' dir='ltr'>Dei</span> <span class='ocrx_word' id='word_1_618' title='bbox 2057 3840 2233 3898; x_wconf 89' lang='lat' dir='ltr'>estin</span> <span class='ocrx_word' id='word_1_619' title='bbox 2262 3839 2592 3912; x_wconf 86' lang='lat' dir='ltr'>Evangeli0.</span> <span class='ocrx_word' id='word_1_620' title='bbox 2626 3840 2790 3911; x_wconf 80' lang='lat' dir='ltr'>Moy·</span> 
     </span>
     <span class='ocr_line' id='line_1_106' title="bbox 1615 3910 2794 3980; baseline -0.005 -8"><span class='ocrx_word' id='word_1_621' title='bbox 1615 3932 1708 3972; x_wconf 89' lang='lat' dir='ltr'>ses</span> <span class='ocrx_word' id='word_1_622' title='bbox 1731 3914 1932 3972; x_wconf 88' lang='lat' dir='ltr'>habuit</span> <span class='ocrx_word' id='word_1_623' title='bbox 1965 3914 2143 3970; x_wconf 74' lang='lat' dir='ltr'>verba</span> <span class='ocrx_word' id='word_1_624' title='bbox 2172 3911 2292 3980; x_wconf 90' lang='lat' dir='ltr'>Dei,</span> <span class='ocrx_word' id='word_1_625' title='bbox 2329 3910 2592 3968; x_wconf 89' lang='lat' dir='ltr'>similiter</span> <span class='ocrx_word' id='word_1_626' title='bbox 2616 3910 2794 3967; x_wconf 89' lang='lat' dir='ltr'>habu-</span> 
     </span>
     <span class='ocr_line' id='line_1_107' title="bbox 1614 3979 2792 4063; baseline -0.004 -20"><span class='ocrx_word' id='word_1_627' title='bbox 1614 3990 1780 4043; x_wconf 87' lang='lat' dir='ltr'>erunt</span> <span class='ocrx_word' id='word_1_628' title='bbox 1833 3991 1889 4043; x_wconf 86' lang='lat' dir='ltr'>et</span> <span class='ocrx_word' id='word_1_629' title='bbox 1938 3986 2262 4057; x_wconf 86' lang='lat' dir='ltr'>Prophetae‚</span> <span class='ocrx_word' id='word_1_630' title='bbox 2297 3984 2398 4040; x_wconf 90' lang='lat' dir='ltr'>sed</span> <span class='ocrx_word' id='word_1_631' title='bbox 2446 3998 2579 4039; x_wconf 87' lang='lat' dir='ltr'>raro</span> <span class='ocrx_word' id='word_1_632' title='bbox 2614 3979 2792 4063; x_wconf 79' lang='lat' dir='ltr'>verba</span> 
     </span>
     <span class='ocr_line' id='line_1_108' title="bbox 2335 4052 2788 4110; baseline -0.007 0"><span class='ocrx_word' id='word_1_633' title='bbox 2335 4052 2582 4110; x_wconf 88' lang='lat' dir='ltr'>romittis</span> <span class='ocrx_word' id='word_1_634' title='bbox 2609 4056 2788 4108; x_wconf 80' lang='lat' dir='ltr'>vitam</span> 
     </span>
     <span class='ocr_line' id='line_1_109' title="bbox 1612 4125 2792 4205; baseline -0.006 -19"><span class='ocrx_word' id='word_1_635' title='bbox 1612 4135 1907 4186; x_wconf 84' lang='lat' dir='ltr'>aeternam.</span> <span class='ocrx_word' id='word_1_636' title='bbox 1932 4128 2079 4197; x_wconf 89' lang='lat' dir='ltr'>Quid</span> <span class='ocrx_word' id='word_1_637' title='bbox 2100 4143 2237 4198; x_wconf 88' lang='lat' dir='ltr'>ergo</span> <span class='ocrx_word' id='word_1_638' title='bbox 2261 4141 2295 4182; x_wconf 91' lang='lat' dir='ltr'>a</span> <span class='ocrx_word' id='word_1_639' title='bbox 2320 4126 2416 4181; x_wconf 86' lang='lat' dir='ltr'>ind</span> <span class='ocrx_word' id='word_1_640' title='bbox 2436 4125 2625 4205; x_wconf 78' lang='lat' dir='ltr'>majus</span> <span class='ocrx_word' id='word_1_641' title='bbox 2641 4138 2792 4205; x_wconf 69' lang='lat' dir='ltr'>quas·</span> 
     </span>
     <span class='ocr_line' id='line_1_110' title="bbox 1609 4195 2790 4276; baseline -0.008 -18"><span class='ocrx_word' id='word_1_642' title='bbox 1609 4217 1741 4258; x_wconf 89' lang='lat' dir='ltr'>rere</span> <span class='ocrx_word' id='word_1_643' title='bbox 1778 4199 2116 4273; x_wconf 74' lang='lat' dir='ltr'>possumus?</span> <span class='ocrx_word' id='word_1_644' title='bbox 2153 4195 2499 4267; x_wconf 83' lang='lat' dir='ltr'>Exprimitur</span> <span class='ocrx_word' id='word_1_645' title='bbox 2535 4209 2689 4251; x_wconf 88' lang='lat' dir='ltr'>emm</span> <span class='ocrx_word' id='word_1_646' title='bbox 2725 4208 2790 4276; x_wconf 72' lang='grc' dir='ltr'>ῳ</span> 
     </span>
     <span class='ocr_line' id='line_1_111' title="bbox 1610 4263 2764 4329; baseline -0.009 0"><span class='ocrx_word' id='word_1_647' title='bbox 1610 4273 1766 4329; x_wconf 88' lang='lat' dir='ltr'>Petri</span> <span class='ocrx_word' id='word_1_648' title='bbox 1786 4288 1878 4328; x_wconf 89' lang='lat' dir='ltr'>res</span> <span class='ocrx_word' id='word_1_649' title='bbox 1919 4269 2157 4327; x_wconf 90' lang='lat' dir='ltr'>onsione</span> <span class='ocrx_word' id='word_1_650' title='bbox 2172 4283 2308 4324; x_wconf 82' lang='lat' dir='ltr'>vera</span> <span class='ocrx_word' id='word_1_651' title='bbox 2328 4267 2608 4323; x_wconf 82' lang='lat' dir='ltr'>confessio</span> <span class='ocrx_word' id='word_1_652' title='bbox 2630 4263 2764 4320; x_wconf 79' lang='lat' dir='ltr'>fidei</span> 
     </span>
     <span class='ocr_line' id='line_1_112' title="bbox 1607 4325 2799 4401; baseline -0.003 0"><span class='ocrx_word' id='word_1_653' title='bbox 1607 4359 1738 4401; x_wconf 87' lang='lat' dir='ltr'>cum</span> <span class='ocrx_word' id='word_1_654' title='bbox 1761 4343 1864 4401; x_wconf 82' lang='lat' dir='ltr'>sub</span> <span class='ocrx_word' id='word_1_655' title='bbox 1909 4341 2022 4399; x_wconf 84' lang='lat' dir='ltr'>&#39;tur</span> <span class='ocrx_word' id='word_1_656' title='bbox 2046 4358 2061 4398; x_wconf 72' lang='grc' dir='ltr'>ι</span> <span class='ocrx_word' id='word_1_657' title='bbox 2087 4343 2161 4397; x_wconf 85' lang='lat' dir='ltr'>Et</span> <span class='ocrx_word' id='word_1_658' title='bbox 2180 4354 2280 4396; x_wconf 86' lang='lat' dir='ltr'>nos</span> <span class='ocrx_word' id='word_1_659' title='bbox 2302 4339 2639 4395; x_wconf 79' lang='lat' dir='ltr'>credidimus</span> <span class='ocrx_word' id='word_1_660' title='bbox 2663 4325 2799 4397; x_wconf 89' lang='lat' dir='ltr'>cor’.</span> 
     </span>
    </p>
   </div>
  </div>
 </body>
</html>
