3146 5023
420 434 431 443 .
526 399 600 450 DE
652 395 913 455 ARBORE
967 382 1463 448 INFRUCTUOSA‘
1513 396 1596 449 ET
1653 397 1949 450 numani«)
2003 398 2338 453 CURVATA.
2576 402 2665 455 255

206 503 375 560 domo
398 501 569 559 Israel
619 506 677 557 et
722 500 886 571 plebe
934 498 1211 568 Judaica3
1263 505 1379 557 tres

204 574 342 631 anni
393 572 731 630 visitationis
773 577 909 627 sunt
945 569 1108 639 Legis
1167 570 1374 640 edicta,

205 646 613 717 Prophetarum
660 643 1118 711 contestationes,
1167 649 1222 699 et
1277 659 1378 699 co-

203 715 479 773 ruscantis
506 713 796 786 Evangelii
826 713 1030 786 gratia;
1072 712 1131 769 in
1169 714 1374 785 quibus

204 791 352 844 Deus
381 789 640 859 quaesivit
677 788 920 842 fructum
946 786 1224 841 bonorum
1244 802 1374 858 ope-

201 875 326 915 rum
355 875 390 916 a
414 859 649 927 Judaeis,
675 860 733 914 et
761 872 879 914 non
911 857 1144 925 invenit,
1170 857 1278 913 nisi
1312 856 1371 914 in

199 930 362 987 valde
392 932 607 1001 pauciS,
641 927 737 1000 qui
767 927 929 1000 quasi
960 927 1099 983 nihil
1132 944 1369 1011 compu-

198 1003 487 1066 tabantur,
505 1006 764 1070 respectu
779 1005 953 1056 tantae
970 998 1365 1056 multitudinis.
1414 1051 1422 1061 .

197 1074 266 1130 Et
281 1074 537 1144 quamvis
554 1073 803 1129 cultores
820 1072 918 1142 huj
927 1087 994 1127 us
1016 1069 1197 1127 vineae
1214 1070 1368 1128 circa

196 1141 353 1200 illam
379 1144 638 1200 foderent
670 1142 863 1213 ligone
892 1146 1071 1199 acutae
1098 1141 1369 1200 invectio-

199 1213 288 1270 nis
308 1230 434 1272 eam
457 1213 828 1282 humiliando,
854 1218 912 1270 et
932 1218 1210 1270 terrorem
1235 1215 1371 1270 divi-

198 1301 402 1342 norum
416 1285 762 1357 judiciorum
784 1284 1258 1341 sibiimmittendo
1276 1303 1290 1353 3
1305 1302 1370 1343 ac

200 1363 454 1413 stercora
481 1356 792 1425 mitterent,
820 1355 1131 1412 foeditatem
1154 1361 1212 1413 et
1238 1359 1370 1414 abo-

199 1427 575 1487 minationem
623 1431 985 1498 peccatorum
1041 1443 1273 1484 suorum
1319 1427 1368 1485 ei

197 1499 577 1568 ostendendo,
600 1513 701 1569 per
726 1515 854 1571 quae
878 1498 1060 1555 solent
1080 1499 1371 1556 humilitas

196 1574 256 1626 et
294 1571 660 1642 compunctio
711 1569 971 1626 suscitari
1014 1576 1070 1626 et
1111 1569 1371 1627 homines

195 1641 267 1697 de
295 1640 545 1714 peccatis
577 1641 691 1697 suis
722 1640 1016 1711 poenitere,
1054 1657 1251 1712 parum
1288 1646 1371 1698 ta-

195 1727 329 1768 men
369 1713 617 1771 cultores
661 1711 840 1796 ipsius
886 1713 1268 1784 profecerunt,
1314 1718 1371 1769 et

195 1782 324 1841 ideo
343 1787 374 1841 J
383 1784 527 1840 udaei
550 1784 761 1840 succidi
787 1788 1141 1840 meruerunt.
1173 1812 1240 1826 -
1267 1783 1367 1842 Dei

194 1854 372 1912 etiam
401 1872 430 1911 a
475 1871 540 1913 er
576 1859 631 1912 et
663 1855 831 1911 vinea
859 1854 1108 1911 mundus
1135 1854 1366 1925 dicitur,

193 1927 357 1998 cujus
375 1944 441 1983 ar
483 1943 613 1983 ores
642 1931 697 1984 et
726 1925 871 1983 vites
901 1932 1035 1984 sunt
1064 1928 1366 1997 homines,-

193 2001 252 2052 et
280 1997 408 2054 aliae
446 1998 675 2069 quidem
721 1998 1049 2066 fructuosae,
1076 1998 1203 2054 aliae
1230 2014 1368 2055 vero

193 2067 588 2136 infructuosae;
615 2069 784 2140 hujus
811 2084 946 2125 vero
970 2069 1214 2125 cultores
1238 2075 1369 2125 sunt

192 2139 415 2266 ssraelati
445 2145 502 2196 et
534 2140 876 2196 sacerdotes,
910 2140 1021 2196 Sed
1054 2145 1112 2196 et
1140 2139 1367 2212 qu‘usli-

235 2214 292 2266 et
323 2210 514 2267 anima
556 2215 641 2268 est
688 2212 879 2281 arhor,
906 2212 1095 2280 vinea,
1142 2212 1364 2281 hortus,

191 2287 250 2339 et
278 2297 416 2353 ager
442 2281 616 2352 illius,
649 2281 745 2353 qui
779 2282 934 2338 illam
973 2282 1229 2339 excolere
1258 2284 1364 2340 ha-

189 2353 309 2421 bet,
353 2357 415 2409 ut
458 2355 672 2410 fructus
716 2353 907 2410 saciat.
957 2354 1086 2424 Sed,
1114 2354 1268 2411 heu!
1303 2356 1363 2411 in

190 2424 384 2481 multis
402 2431 614 2482 terram
634 2424 913 2481 inutiliter
924 2425 1363 2497 occupantibus,

189 2496 403 2554 fructus
423 2513 540 2554 non
569 2495 889 2565 invenitur3
913 2502 969 2554 et
1002 2496 1130 2554 ideo
1159 2496 1363 2554 timere

188 2568 404 2624 habent
452 2584 701 2639 poenam,
743 2582 915 2639 quam
960 2569 1044 2625 eis
1092 2569 1366 2626 Dominus

188 2638 592 2697 comminatur.
621 2638 780 2696 Unde
803 2639 1098 2708 Greqorius
1127 2659 1144 2695 ε
1173 2662 1203 2692 «
1226 2643 1362 2696 Ter-

187 2709 270 2766 tio
301 2713 489 2767 autem
525 2708 796 2767 Dominus
824 2709 897 2766 ad
928 2710 1231 2768 ficulneam
1262 2728 1364 2768 ve-

186 2782 294 2850 nit,
364 2780 460 2839 uia
489 2788 756 2839 naturam·
781 2780 1009 2853 generis
1038 2782 1273 2839 humani
1307 2788 1364 2840 et

187 2856 320 2908 ante
395 2868 578 2925 egem,
605 2858 663 2910 et
690 2854 795 2910 sub
822 2855 989 2924 Lege,
1017 2859 1073 2910 et
1103 2855 1207 2912 sub
1237 2871 1365 2925 gra-

186 2922 271 2979 tia
293 2923 690 2993 exspectando,
716 2924 1101 2991 admonendo,
1127 2924 1361 2981 visitan-

191 2993 265 3051 do
295 2994 621 3065 requisivit;
647 2993 747 3050 scd
766 2999 958 3050 tamen
981 2995 1038 3050 in
1058 2997 1239 3052 tribus
1259 3013 1361 3052 an-

187 3064 281 3122 nis
299 3066 543 3122 fructum
556 3081 616 3122 se
635 3081 748 3121 non
764 3064 1051 3122 invenisse
1066 3066 1362 3138 conqueri-

188 3143 301 3205 tur,
336 3136 468 3208 quia
486 3136 862 3209 quorumdam
888 3152 1190 3210 pravorum
1208 3154 1362 3196 men·

186 3213 276 3265 tes
305 3224 409 3264 nec
440 3208 714 3280 inspirata
746 3210 830 3265 lex
870 3208 1144 3265 naturalis
1180 3212 1359 3266 corri-

187 3280 292 3351 git,
333 3296 438 3337 nec
474 3285 759 3353 praecepta
786 3280 1078 3350 erudiunt,
1113 3297 1217 3337 nec
1267 3283 1359 3337 In-

186 3351 534 3408 carnationis
559 3353 684 3423 ejus
712 3351 985 3409 miracula
1000 3356 1357 3409 convertunt.

188 3422 299 3479 Sed
322 3438 450 3479 cum
476 3423 681 3480 timore
705 3423 1054 3481 audiendum
1082 3429 1169 3480 est
1206 3424 1358 3496 quod

185 3491 393 3550 dicitur
426 3512 441 3551 t
482 3496 711 3553 succide
765 3511 890 3567 erqo
932 3512 1072 3565 eam,
1104 3502 1167 3553 ut
1221 3496 1361 3567 quid

184 3566 351 3645 etiam
388 3570 593 3621 terram
642 3570 913 3639 occupat?
959 3566 1357 3639 Unusquisque

184 3650 338 3690 enirn
363 3636 522 3706 Juxta
547 3637 777 3693 modum
816 3653 1000 3707 suum,
1033 3637 1081 3693 si
1111 3640 1357 3695 fructum

181 3705 350 3762 bonoe
394 3706 743 3777 operationis
783 3723 900 3763 non
928 3708 1173 3777 exhibet,
1206 3710 1360 3766 velut

180 3774 536 3833 infructuosa
564 3779 735 3834 arbor
769 3782 983 3834 terram
1012 3784 1248 3852 occupat
1278 3799 1291 3838 ε
1328 3800 1355 3834 »

181 3847 307 3903 haec
356 3848 671 3917 Greqorms.
730 3849 992 3905 Cultores
1038 3865 1170 3906 vero
1225 3856 1359 3907 sunt

184 3918 282 3990 qui
310 3919 569 3976 ficulneae
607 3924 876 3990 praesunt,
908 3925 965 3977 et
1012 3921 1131 3992 ejus
1163 3938 1357 3978 curam

179 3995 423 4061 gerunt;
459 3993 569 4060 vel,
600 3991 789 4048 Sancti
821 3990 917 4063 qui
967 3991 1116 4047 intra
1159 3994 1358 4050 Eccle-

181 4061 329 4118 siam
372 4067 539 4118 orant
593 4078 696 4130 pro
748 4061 831 4120 eis
879 4064 977 4124 uui
1029 4066 1184 4120 extra
1229 4081 1356 4122 eam

183 4143 336 4204 sunt,
369 4149 465 4205 qui
508 4150 707 4191 omnes
758 4143 1123 4206 interpellant
1160 4150 1354 4192 uomi-

181 4219 317 4261 num
339 4221 442 4276 pro
475 4206 737 4271 ficulnea,
773 4208 1025 4263 dicentes
1059 4223 1072 4262 ε
1104 4210 1349 4274 Domine,

181 4276 400 4334 dimitte
457 4279 619 4334 illam
676 4282 728 4334 et
783 4278 881 4334 hoc
933 4293 1097 4342 anno,
1151 4277 1212 4334 id
1268 4284 1353 4336 est

179 4350 436 4421 tempore
465 4348 576 4408 isto
623 4349 728 4430 sub
771 4348 977 4424 gratia,
1000 4365 1174 4422 usque
1220 4351 1352 4408 dum

1485 501 1704 570 fodiam
1729 504 1878 558 circa
1900 504 2080 571 illam,
2109 504 2416 561 excolendo
2443 510 2500 561 ct
2522 506 2660 563 vitia

1487 573 1992 644 reprehendendo;
2043 579 2095 629 et
2135 579 2353 631 mittam
2389 582 2651 641 stercora,

1487 660 1587 715 per
1617 644 1874 700 foetorem
1898 648 2254 713 peccatorum
2280 647 2353 702 ad
2385 647 2657 716 poeniten-

1484 713 1623 772 tiam
1662 714 2007 777 suscitando.
2041 717 2464 773 circumfodere
2503 718 2656 776 enim

1483 792 1570 842 est
1599 785 1974 843 humilitatem
1997 786 2343 858 poenitentiae
2355 793 2413 844 et
2430 792 2657 860 patien-

1482 857 1620 914 tiam
1647 857 1871 927 docere,
1899 856 2049 914 fossa
2077 874 2324 930 namque
2353 864 2439 915 est
2464 860 2654 917 humi-

1480 928 1549 985 lis
1573 933 1768 998 terra;
1797 936 2016 985 stercus
2046 934 2237 988 autem
2269 930 2468 987 sordes
2498 938 2652 1001 sunt,

1480 1005 1538 1057 et
1577 1000 1852 1058 memoria
1887 1008 2274 1072 peccatorum,
2310 1006 2367 1059 et
2410 1002 2656 1060 fructum

1479 1071 1637 1129 dant.
1671 1071 1817 1141 Quid
1853 1074 2006 1129 enim
2039 1077 2288 1129 stercore
2325 1073 2658 1131 sordidius?

1481 1144 1549 1199 Et
1573 1149 1764 1200 tamen
1792 1144 1838 1200 si
1869 1160 1937 1201 eo
1971 1146 2116 1201 bene
2144 1144 2340 1213 utariS,
2372 1144 2508 1216 quid
2530 1146 2654 1201 fru-

1480 1216 1772 1272 ctuosius?
1799 1215 1956 1272 Unde
1981 1215 2133 1273 idem
2155 1216 2449 1285 Greqorius
2477 1235 2494 1272 ε
2526 1238 2556 1269 «
2578 1219 2657 1274 Ex

1477 1293 1729 1343 stercore
1761 1286 1932 1357 igitur
1969 1287 2042 1344 ad
2076 1287 2324 1344 fructum
2368 1288 2657 1345 reviviscit

1480 1360 1675 1427 arbor,
1693 1358 1826 1429 quia
1848 1359 1918 1414 de
1948 1358 2407 1415 consideratione
2438 1358 2652 1429 peccati
2693 1413 2698 1419 .

1480 1430 1553 1485 ad
1596 1431 1746 1486 bona
1790 1446 1849 1486 se
1891 1445 2065 1501 opera
2113 1429 2428 1486 resuscitat.
2464 1450 2493 1484 »
2530 1430 2653 1500 Vel,

1481 1500 1653 1556 fossio
1675 1505 1756 1556 est
1776 1506 2134 1570 peccatorum
2151 1500 2470 1572 recognitio
2489 1518 2503 1569 ;
2527 1518 2653 1572 pec-

1481 1576 1641 1627 cator
1668 1571 1821 1627 enim
1854 1577 2084 1640 peccata
2115 1588 2217 1628 sua
2247 1574 2521 1642 cooperit,
2551 1573 2652 1628 sed

1481 1642 1749 1699 fodiendo
1769 1642 2179 1699 conscientiam
2205 1642 2416 1700 videbit
2441 1645 2657 1701 abomi-

1482 1715 1776 1770 nationem
1801 1720 2182 1786 peccatorum‚
2213 1720 2272 1771 et
2296 1713 2430 1771 inde
2454 1716 2656 1773 erube-

1481 1789 1620 1841 scet.
1641 1785 1984 1842 Stercoratio
2001 1790 2214 1854 autem,
2227 1786 2316 1842 vel
2340 1785 2459 1843 fimi
2475 1803 2653 1859 appo-

1480 1856 1636 1925 sitio,
1663 1862 1747 1912 est
1774 1857 1974 1913 mortis
2000 1856 2321 1914 recordatio
2351 1876 2364 1917 t
2396 1856 2456 1914 in
2476 1862 2658 1916 morte

1482 1928 1634 1984 enim
1646 1928 1818 1984 homo
1833 1934 2047 1985 stercus
2059 1928 2325 1998 efficitur,
2339 1935 2395 1986 et
2411 1931 2656 2001 putredo

1480 1997 1627 2069 ipsa,
1658 2014 1904 2071 namque
1935 1999 2133 2056 mortis
2160 2002 2438 2057 memoria
2469 2017 2504 2057 a
2534 2017 2659 2072 pec-

1481 2074 1608 2126 cato
1647 2075 1975 2140 praeservat,
2007 2070 2067 2127 in
2098 2073 2248 2128 bono
2288 2087 2460 2141 opere
2499 2071 2658 2128 solli·

1481 2140 1637 2209 citat,
1652 2147 1710 2198 et
1735 2143 1980 2215 gratiam
2007 2143 2106 2198 Dei
2123 2148 2442 2199 conservat.
2461 2173 2530 2185 —
2550 2145 2661 2200 Per

1480 2214 1747 2270 arborem
1784 2211 1958 2270 etiam
1996 2213 2092 2269 fici
2141 2212 2437 2270 moraliter
2472 2218 2660 2284 potest

1480 2285 1750 2352 quaelibet
1800 2300 2047 2355 persona
2083 2283 2141 2340 in
2181 2282 2432 2341 Ecclesia
2459 2286 2560 2342 Dei
2586 2283 2658 2341 ad

1477 2355 1943 2412 fructificandum
2004 2356 2259 2428 plantata
2307 2355 2560 2427 signari,
2601 2361 2659 2413 et

1477 2442 1582 2497 per
1631 2431 1751 2484 tres
1803 2443 1981 2484 annos
2027 2428 2087 2483 in
2136 2427 2342 2498 quibus
2377 2444 2493 2485 non
2524 2426 2662 2485 facit

1479 2498 1748 2569 fructum,
1778 2498 2046 2571 juventus
2091 2505 2150 2556 et
2188 2505 2324 2556 aetas
2363 2498 2552 2559 media
2603 2504 2661 2558 et

1478 2576 1708 2626 senecta
1746 2570 2009 2642 intelligi,
2040 2576 2275 2641 propter
2329 2571 2481 2641 quod
2533 2587 2658 2629 me·

1475 2640 1595 2697 ruit
1630 2658 1751 2768 (fer
1807 2649 2050 2698 mortem
2099 2641 2170 2697 de
2223 2641 2494 2713 praesenti
2540 2642 2657 2700 vita

1476 2711 1625 2769 succi
1670 2713 1687 2768 i
1710 2731 1725 2782 ;
1749 2728 1854 2784 per
1874 2714 2149 2769 cultorem
2166 2721 2378 2780 autem,
2401 2713 2657 2785 Angelus

1477 2788 1669 2841 custos
1714 2786 1885 2856 hujus
1933 2785 2180 2841 hominis
2209 2782 2507 2855 accipitur,
2558 2784 2654 2866 qui

1476 2859 1642 2927 rogat
1669 2862 1730 2913 ut
1755 2856 1943 2913 adhuc
1976 2855 2035 2912 in
2058 2854 2216 2913 senio
2242 2856 2432 2911 vivere
2459 2855 2652 2912 dimit-

1475 2931 1652 2996 tatur,
1690 2931 1748 2983 ut
1775 2943 1880 3000 per
1927 2929 2050 2999 ejus
2098 2927 2455 2996 diligentiam
2503 2926 2655 2984 circa

1474 2998 1648 3055 talem
1679 2998 1967 3055 hominem
2012 3014 2073 3055 se
2113 2996 2402 3077 emendet,
2434 3003 2491 3054 et
2539 2998 2655 3055 fru-

1473 3069 1713 3139 ctificet3
1772 3068 2025 3141 alioquin
2084 3067 2425 3138 succidatur,
2480 3075 2538 3127 et
2592 3070 2651 3126 in

1474 3141 1665 3214 ignem
1697 3142 1974 3197 mittatur.

1545 3218 1578 3280 4
1609 3214 1738 3269 Irim
1768 3228 2059 3269 AppchrA
2081 3228 2401 3269 nummosi&
2427 3241 2494 3255 --
2524 3215 2652 3270 Pot-

1472 3289 1561 3341 est
1621 3284 1794 3340 etiam
1838 3283 2133 3340 moraliter
2173 3285 2347 3341 arbor
2388 3283 2483 3341 fici
2535 3283 2648 3341 dici

1472 3353 1716 3426 religio;
1748 3371 1920 3427 quam
1957 3356 2205 3411 arborem
2237 3355 2338 3438 fici
2373 3355 2648 3414 Dominus

1472 3426 1596 3497 eJus
1622 3427 1717 3498 qui
1753 3443 1879 3483 eam
1906 3431 2112 3496 servat,
2130 3428 2344 3484 scilicet
2370 3427 2646 3497 ChristuS,

1472 3497 1707 3555 habebat
1729 3500 2042 3570 plantatam
2065 3502 2127 3554 in
2148 3501 2310 3555 vinea
2323 3514 2447 3568 sua,
2472 3498 2531 3555 id
2562 3504 2650 3556 est

1471 3569 1532 3624 in
1550 3585 1653 3625 sua
1671 3570 1935 3638 Ecclesia,
1959 3569 2173 3627 scilicet
2193 3572 2645 3642 perAntonium,

1469 3655 1573 3710 per
1591 3641 1992 3713 Augustinum,
2018 3657 2123 3714 per
2143 3640 2513 3698 Benedictum
2536 3638 2645 3719 ali·-

1470 3727 1646 3782 osque
1671 3729 1684 3781 3
1716 3718 1767 3769 et
1795 3717 1943 3769 venit
1962 3728 2214 3783 quan-ens
2239 3714 2505 3779 fructum,
2536 3726 2640 3766 scl-

1468 3780 1600 3839 licet
1645 3783 1940 3854 religionis
1982 3787 2039 3838 et
2087 3783 2400 3841 sanctitatis
2449 3781 2641 3854 prose-

1469 3859 1624 3909 ctum
1670 3857 1730 3909 in
1775 3856 1897 3916 illa,
1950 3852 2163 3909 scilicet
2213 3852 2490 3923 religione
2514 3869 2530 3922 ;
2591 3857 2644 3909 et

1468 3941 1577 3982 non
1607 3927 1819 3980 invenit
1850 3924 1955 3980 nisi
1986 3923 2116 3980 folia
2143 3929 2390 3991 tantum,
2417 3929 2472 3979 et
2501 3922 2642 3980 nihil

1470 3997 1538 4052 de
1568 3999 1807 4052 veritate
1859 3994 2177 4064 religioniS,
2211 4001 2421 4065 praeter
2468 3996 2645 4052 verba

1469 4074 1527 4123 et
1555 4066 1895 4124 exteriorem
1946 4067 2227 4122 habitum.
2261 4068 2424 4122 Dioeit
2461 4071 2643 4122 autem

1467 4156 1542 4195 aa
1572 4157 1832 4195 auctorem
1870 4154 2059 4200 vzneae,
2094 4136 2308 4193 scilicet
2335 4136 2407 4193 ad
2436 4140 2643 4193 coetum

1469 4210 1836 4281 praelatorum
1897 4214 1953 4266 et
2011 4209 2330 4277 doctorum,
2395 4224 2641 4281 quorum

1466 4282 1718 4337 officium
1756 4287 1843 4338 est
1866 4286 2156 4338 sarmenta
2180 4285 2497 4352 amputare,
2531 4279 2642 4352 spi-

1462 4368 1564 4411 nas
1602 4352 1864 4417 evellere,
1907 4359 1965 4411 et
2006 4360 2201 4412 cetera
2245 4350 2638 4426 hujuscemodi
