3146 5023
847 337 940 391 ni:
998 337 1237 391 scium
1292 333 1546 388 notoso
1603 330 1680 385 m*
1735 330 1994 382 nuonns
2046 297 2251 383 itus.
2341 338 2349 343 ·
2595 378 2596 383 Ν
2742 325 2776 375 τ

304 458 375 515 de
407 472 617 528 genere
646 471 773 523 suo,
796 459 854 510 et
877 453 1189 523 allegantes
1214 452 1363 523 quod
1396 455 1481 505 est

303 530 363 584 in
397 528 880 597 eopraecipuum,
909 540 1020 579 non
1051 524 1212 578 habet
1237 519 1483 583 domici·

296 600 435 656 lium
462 599 783 668 proprium,
808 597 909 651 ubi
937 611 998 650 ca
1041 599 1103 650 ut
1129 611 1290 650 suum
1317 593 1475 648 recli-

298 675 408 737 net,
449 669 525 724 ad
574 669 948 738 pausandum.
1048 666 1164 721 uasi
1214 666 1469 721 diceret:

296 743 477 797 Bruta
507 741 725 795 habent
752 756 854 795 sua
876 736 1112 793 latibula
1141 741 1197 792 et
1223 737 1350 792 loca
1379 735 1476 789 ubi

295 816 540 884 possunt
568 812 746 867 latere
779 817 836 866 et
870 809 1201 880 quiescere3
1241 823 1345 879 ego
1374 822 1474 862 au-

298 890 417 939 tem
471 899 598 938 sum
650 883 728 937 ita
774 896 991 952 pauper
1027 880 1179 949 quod
1218 895 1332 934 non
1374 879 1474 932 ba-

302 955 412 1010 beo
450 952 821 1024 hospitiolum
859 952 1171 1023 proprium,
1213 950 1311 1004 ubi
1342 964 1472 1019 per-

299 1024 566 1096 cipiendo
606 1025 854 1096 quietem
888 1040 949 1078 ca
996 1027 1057 1077 ut
1088 1020 1379 1085 reclinem,
1421 1025 1477 1074 et

303 1096 434 1154 ideo
462 1095 679 1151 frustra
716 1096 873 1150 venis
903 1111 938 1150 a
1012 1108 1101 1147 me
1132 1096 1362 1162 propter
1389 1091 1474 1145 lu-

301 1182 463 1223 crum
485 1166 821 1236 temporale.
850 1163 1008 1223 Unde
1031 1165 1473 1232 chrysostomus:

304 1256 334 1291 (ι
363 1238 566 1308 Aspice
595 1237 841 1307 qualiter
867 1241 1276 1306 paupertatem,
1306 1249 1475 1303 quam

304 1310 583 1364 Dominus
612 1310 901 1372 docuerat,
926 1322 1028 1377 per
1048 1321 1220 1375 opera
1246 1306 1478 1359 demon·

306 1384 492 1435 strat:
546 1395 663 1435 non
701 1384 823 1435 erat
861 1379 912 1434 ei
946 1392 1161 1442 mensa,
1197 1391 1313 1430 non
1343 1390 1477 1430 can-

307 1450 629 1519 delabrum,
690 1466 796 1506 nec
864 1450 1089 1514 domus,
1151 1462 1257 1505 nec
1316 1446 1480 1516 quid-

307 1536 482 1591 quam
528 1521 724 1577 talium
758 1544 771 1576 :
802 1540 830 1573 n
881 1521 1003 1575 haec
1048 1520 1477 1586 Chrysostomus.

308 1592 685 1662 Hospitiolum
730 1590 957 1663 quidem
996 1591 1195 1645 habuit
1233 1587 1483 1658 Virginis

306 1667 570 1732 uterun1;
598 1661 1021 1718 reclinatorium
1047 1660 1265 1727 habuit,
1284 1674 1484 1728 praese-

303 1733 465 1860 pium
496 1749 610 1789 non
638 1735 953 1805 proprium,
977 1735 1035 1787 et
1060 1731 1242 1786 crucis
1266 1730 1486 1799 patibu-

328 1820 454 1873 um;
473 1804 836 1875 sepulchrum
857 1803 1074 1869 habuit,
1094 1802 1189 1857 sed
1210 1802 1481 1857 alienum.

303 1875 411 1930 Hic
452 1891 590 1946 ergo
630 1882 952 1931 removetur
990 1871 1263 1942 cupiditas
1299 1876 1482 1926 terre-

304 1961 522 2002 norum
560 1962 593 2001 a
627 1947 947 2002 volentibus
973 1945 1133 2015 sequi
1176 1943 1482 1998 Christum.

309 2017 524 2073 Audita
546 2023 736 2073 autem
767 2016 972 2073 Christi
995 2019 1347 2086 paupertate,
1370 2028 1483 2068 non

305 2088 517 2169 institit
545 2088 809 2158 amplius,
835 2093 895 2143 ut
931 2091 1284 2157 sequeretur.
1326 2084 1484 2141 Unde

311 2159 469 2214 idem
523 2161 934 2228 chrysostomus
978 2175 992 2214 ε
1037 2176 1066 2210 «
1106 2158 1229 2213 Non
1293 2161 1484 2211 autem

309 2231 646 2300 respondet,
680 2246 883 2301 sequar
911 2234 968 2284 te
1008 2242 1337 2299 pauperem,
1376 2226 1486 2280 hoc

304 2301 464 2356 enim
489 2302 760 2356 Dominus
776 2301 1019 2357 forsitan
1040 2298 1428 2354 concessisset.
1455 2315 1483 2349 »

306 2374 413 2427 Hic
434 2388 537 2443 per
556 2374 768 2443 vulpeS,
794 2371 1059 2427 dolositas
1084 2375 1140 2425 et
1163 2367 1482 2437 simulatio;

307 2459 417 2515 per
442 2446 708 2507 volucre&
735 2442 920 2499 inanis
935 2441 1210 2514 jactantia
1237 2446 1293 2494 et
1314 2438 1483 2493 elatio

307 2515 632 2588 signantur.
691 2514 858 2582 Quasi
904 2514 1117 2570 diceret
1167 2510 1484 2567 Dominus:

309 2588 594 2643 Dolositas
617 2593 673 2642 et
698 2586 865 2643 elatio
889 2587 1069 2642 latent
1089 2584 1147 2639 in
1172 2584 1486 2652 cordetuo,

309 2659 451 2730 quia
509 2658 726 2713 scilicet
789 2673 961 2713 causa
1028 2653 1353 2725 cupiditatis
1426 2659 1486 2707 ct

307 2745 476 2811 vanae
524 2729 722 2801 gloriae
766 2728 847 2783 vis
893 2744 985 2784 me
1031 2726 1188 2797 sequi
1220 2746 1233 2792 3
1270 2731 1327 2779 et
1360 2724 1486 2778 ideo

312 2807 372 2856 te
398 2817 457 2856 1n
491 2802 824 2856 societatem
855 2814 1041 2854 meam
1080 2813 1193 2853 non
1223 2795 1443 2865 recipio
1469 2816 1482 2850 ε

358 2872 452 2927 uia
495 2872 676 2926 Filius
722 2873 957 2926 hominis
1006 2869 1243 2939 simplex
1289 2873 1491 2921 contra.

397 2942 700 3011 lositatem,
756 2941 983 2998 humilis
1031 2945 1231 3000 contra
1285 2952 1486 3006 super-

315 3012 497 3082 biam,
542 3029 654 3068 non
693 3014 851 3067 habet
898 3013 958 3066 in
985 3017 1041 3066 te
1079 3011 1177 3065 ubi
1207 3012 1371 3079 caput
1398 3022 1487 3061 re-

316 3086 506 3141 clinet.
550 3085 733 3153 Caput
773 3084 924 3139 enim
957 3080 1163 3139 Christi
1208 3082 1356 3135 Deus
1386 3084 1488 3148 est,

317 3157 468 3212 Deus
494 3160 685 3211 autem
715 3156 936 3210 habitat
964 3154 1020 3209 in
1052 3150 1249 3208 humili
1278 3156 1335 3205 et
1361 3150 1494 3204 sim-

316 3226 452 3309 plici
502 3232 559 3282 et
604 3230 884 3281 tremente
931 3222 1393 3293 sermonesejuS,
1437 3226 1494 3274 et

313 3314 442 3368 ipsa
489 3296 788 3352 reclinatio
837 3295 1058 3366 capitiS‚
1109 3309 1221 3348 non
1276 3291 1489 3347 erectio

162 3371 175 3384 ’
264 3381 273 3388 ·
314 3369 657 3425 humilitatis
706 3369 976 3440 magistra
1012 3371 1113 3431 est,
1148 3379 1274 3434 quae
1302 3364 1360 3418 in
1394 3362 1492 3417 illo

282 3440 509 3498 docum
534 3455 649 3494 non
678 3440 907 3495 habent.
934 3438 996 3492 In
1019 3436 1202 3492 tribus
1229 3448 1363 3506 ergo
1391 3433 1492 3488 iste

315 3512 763 3582 reprehenditur
822 3526 855 3565 a
913 3508 1177 3576 Domin0,
1235 3506 1530 3567 scilicetz·

319 3583 382 3637 in
409 3580 731 3651 dolositate,
757 3582 890 3652 quia
910 3579 1044 3635 ficto
1070 3579 1263 3634 animo
1293 3582 1350 3631 et
1379 3590 1493 3629 non

322 3653 568 3723 simplici
615 3654 773 3723 sequi
802 3652 1062 3717 volebat;
1103 3656 1161 3704 et
1188 3649 1246 3703 in
1277 3646 1493 3717 cupidi-

322 3730 463 3794 tate,
497 3721 630 3794 quia
655 3738 784 3778 cum
823 3739 921 3793 pro
949 3725 1163 3792 quaestu
1203 3721 1360 3790 sequi
1401 3719 1491 3771 in·

322 3796 598 3851 tendebat
618 3810 634 3864 3
665 3801 724 3849 et
743 3795 798 3848 in
823 3794 1090 3859 elatione,
1110 3790 1244 3863 quia
1263 3795 1494 3861 propter

325 3867 559 3922 inanem
604 3865 843 3935 gloriam
887 3866 940 3920 ci
978 3864 1271 3923 adhaererc
1305 3860 1494 3930 cupie-

317 3938 464 3994 bat:
517 3938 664 3993 sicut
710 3938 904 4006 vulpes
940 3941 1025 3990 est
1066 3932 1277 3989 animal
1305 3931 1496 4001 fallax,

320 4006 545 4064 insidiis
573 4008 879 4076 intentum,
909 4009 966 4061 et
985 4006 1195 4075 rapinis
1224 4002 1454 4074 plenum
1480 4019 1496 4070 ς

319 4079 445 4137 avis
488 4095 626 4135 vero
666 4079 784 4134 alta
828 4083 1027 4148 petens
1078 4082 1135 4131 et
1186 4073 1500 4130 ascendens

315 4166 573 4208 sursum.
622 4151 725 4206 Hic
765 4165 899 4221 ergo
940 4148 1102 4218 sequi
1130 4146 1356 4201 volebat
1383 4145 1500 4199 Ma-

316 4225 588 4297 gistrum,
641 4235 758 4276 non
818 4223 882 4276 ut
934 4219 1178 4274 virtutes
1235 4215 1500 4282 disceret,

320 4309 444 4351 non
490 4300 555 4349 ut
592 4296 989 4364 paupertatem
1027 4296 1084 4347 et
1126 4288 1507 4345 humilitatem

1604 440 1851 510 Magistri
1876 438 2215 504 imitaretur,
2231 435 2329 491 sed
2350 440 2411 491 ut
2431 434 2593 490 fictus
2609 432 2782 489 disci-

1598 513 1760 581 pulus
1781 511 2087 580 deciperet,
2103 514 2161 563 et
2180 508 2283 564 sub
2302 507 2569 577 Magistro
2588 503 2783 560 humi-

1593 582 1766 637 litatis
1799 589 1855 638 et
1885 579 2254 651 paupertatis
2279 579 2564 633 honorum
2591 575 2779 645 digni·

1593 659 1737 709 tates
1762 654 2006 710 ambiret
2033 657 2090 708 et
2115 650 2338 707 divitias
2368 652 2769 713 congregaret.

1665 730 1697 780 5
1729 726 1829 791 Qm
1869 742 1986 779 sm‘r
2023 739 2147 778 nme
2186 723 2391 779 Scalas:
2423 714 2675 775 snum-25?
2698 745 2772 758 —

1592 796 1662 851 Et
1709 797 1858 851 hunc
1909 794 2193 850 ambitiosi
2243 799 2300 847 et
2351 787 2652 847 simoniaci
2707 788 2774 844 in‘

1591 867 1840 923 Ecclesia
1882 867 2198 934 imitantur,
2249 862 2370 934 qui*
2410 860 2652 931 cupiunt
2692 858 2769 914 ad

1594 938 1710 993 alta
1731 938 1991 1004 subvehi,
2013 940 2314 1007 quaerentes
2342 950 2464 1004 quae
2487 948 2590 987 sua
2611 934 2774 994 sunt,

1591 1024 1701 1063 non
1749 1026 1871 1080 quae
1898 1011 2028 1065 Jesu
2071 1008 2303 1070 Christi,
2333 1022 2451 1060 non
2500 1011 2564 1059 ut
2592 1002 2767 1057 mini-

1589 1084 1790 1150 strent,
1825 1081 1925 1136 sed
1968 1084 2029 1134 ut
2068 1079 2481 1145 ministrentur,
2532 1081 2589 1130 et
2634 1072 2774 1129 ideo

1592 1151 1746 1221 vulpi
1789 1151 2018 1221 dolosas,
2070 1156 2126 1204 et
2166 1148 2380 1204 volanti
2425 1145 2516 1201 avi
2561 1144 2772 1199 merito

1594 1229 2015 1293 comparantur.
2049 1222 2155 1275 Per
2185 1221 2337 1275 hunc
2376 1218 2546 1272 etiam
2587 1214 2774 1283 signi-

1594 1291 1840 1348 ficantur
1888 1296 2209 1364 quaa-rentes
2261 1291 2475 1343 intrare
2531 1286 2771 1355 religio·

1593 1378 1751 1429 nem,
1805 1364 1887 1418 vel
1940 1361 2348 1417 monasterium
2402 1357 2629 1412 divitias
2665 1356 2772 1411 ba·

1596 1433 1874 1503 beatium,
1901 1449 2017 1487 non
2041 1448 2107 1487 ex
2133 1431 2458 1496 devotione,
2490 1428 2589 1484 sed
2615 1432 2676 1481 ut
2702 1442 2772 1481 ex

1596 1505 1939 1574 pauperibus
1969 1504 2192 1570 diviteS,
2234 1507 2289 1556 et
2327 1516 2391 1555 ex
2425 1506 2650 1555 contem
2695 1496 2769 1553 ti-

1600 1576 1807 1631 bilibus
1863 1574 2129 1630 honorati
2181 1574 2342 1627 liant.
2385 1572 2516 1631 ideo
2560 1570 2659 1623 tali
2706 1583 2775 1623 us

1600 1646 1811 1702 dicitur
1839 1663 1852 1702 :
1885 1647 2095 1715 Vulpes
2117 1647 2307 1712 foveas
2339 1642 2560 1707 habent,
2593 1644 2646 1693 et
2672 1654 2773 1693 vo·

1603 1719 1779 1773 lucres
1831 1719 1952 1773 coeli
1997 1717 2179 1783 nidos,
2238 1715 2295 1769 id
2346 1720 2430 1769 est
2482 1712 2775 1771 daemones

1599 1790 1782 1844 dolosi
1830 1796 1887 1844 et
1950 1787 2179 1858 superbi
2236 1785 2453 1841 habent
2503 1782 2562 1837 in
2610 1780 2778 1836 vobis

1600 1860 2005 1927 habitaculum,
2029 1860 2130 1914 sed
2147 1872 2266 1913 non
2280 1855 2553 1912 Christus,
2580 1855 2778 1909 Potest

1599 1932 1832 2002 insuper
1869 1930 2000 1999 dici,
2041 1930 2192 2001 quod
2220 1930 2413 1998 vulpes
2442 1928 2634 1993 foveas
2665 1924 2773 1978 ha·

1602 2002 1744 2072 bent,
1769 2003 1825 2059 id
1842 2008 1926 2058 est
1954 2001 2133 2056 dolosi
2164 2000 2376 2056 habent
2398 1997 2670 2064 cautelaS,
2697 1993 2777 2050 ad

1599 2088 1738 2143 quas
1784 2072 2094 2143 refugiunt,
2137 2086 2207 2125 ne
2248 2071 2304 2124 in
2333 2069 2448 2123 suis
2475 2067 2779 2136 capiantur

1600 2143 1873 2213 malitiis3
1930 2148 1981 2198 et
2032 2142 2278 2196 volucres
2320 2137 2670 2202 coeli-m'dos,
2715 2135 2777 2190 id

1600 2221 1682 2269 est
1712 2215 1939 2285 superbi
1966 2217 2231 2285 quaerunt
2268 2209 2477 2266 elevari
2509 2210 2566 2261 in
2593 2206 2729 2261 altis
2755 2222 2770 2273 ;

1599 2288 1777 2342 Filius
1823 2291 2004 2342 autem
2044 2285 2282 2339 hominis
2304 2297 2413 2336 non
2453 2280 2637 2344 habet,
2678 2274 2793 2331 ubi.

1600 2362 1765 2428 caput
1792 2373 1952 2413 suum
1979 2357 2226 2422 reclinet,
2258 2355 2316 2408 in
2346 2352 2573 2421 talibuS‚
2601 2348 2657 2405 id
2689 2352 2780 2428 est

1598 2429 1694 2484 ille
1733 2430 1831 2500 qui
1862 2426 2169 2484 secundum
2210 2427 2494 2481 dictamen
2534 2419 2779 2476 rationis

1599 2502 1754 2569 vivit,
1797 2501 1934 2557 talia
1965 2516 2080 2554 non
2109 2492 2332 2569 quaerit.
2368 2496 2438 2551 Ut
2466 2507 2604 2566 ergo
2635 2489 2780 2546 dicit

1602 2574 2042 2643 Chrysostomus:
2064 2571 2297 2626 «Scriba
2313 2566 2425 2636 hic,
2449 2581 2565 2622 non
2583 2563 2782 2642 animo

1599 2643 1888 2712 credendi,
1915 2643 2010 2699 sed
2039 2640 2304 2696 simulata
2319 2643 2514 2693 mente
2531 2637 2784 2691 accessit

1599 2717 1671 2770 ad
1720 2713 2044 2780 Dominum,
2097 2712 2245 2767 unde
2294 2709 2585 2780 inspector
2640 2720 2774 2764 cor·

1600 2787 1755 2841 dium
1797 2793 1853 2841 et
1893 2790 2240 2842 secretorum
2289 2782 2552 2852 cognitor
2601 2778 2790 2842 Deus,

1601 2861 2023 2911 tentantem'se
2071 2855 2275 2922 potiuS,
2323 2864 2494 2920 quam
2534 2862 2671 2902 vere
2711 2861 2792 2902 ac*

1602 2926 1849 2981 fideliter
1875 2925 2035 2995 sequi
2068 2924 2375 2988 volentem,
2423 2933 2539 2972 non
2581 2917 2786 2972 immor

1602 3000 1711 3056 nito
1751 2996 2036 3052 refutavit.
2079 3011 2107 3044 »
2146 2991 2310 3056 Nam,
2345 2995 2406 3042 ut
2455 2987 2536 3040 ait
2577 2986 2782 3052 Augu-

1602 3071 1784 3124 stinus
1812 3084 1827 3122 ε
1878 3085 1907 3118 «
1937 3062 2178 3120 Videbat
2208 3074 2339 3115 eum
2375 3057 2571 3116 dolosa
2600 3056 2794 3111 simu-

1603 3139 1814 3195 latione
1865 3134 2253 3200 tenebrosum,
2299 3137 2355 3185 ct
2400 3135 2635 3185 ventosa
2669 3126 2788 3181 ela-

1606 3212 1760 3265 tione
1808 3209 2110 3280 jactatum,
2161 3219 2278 3259 non
2328 3204 2543 3258 habore
2589 3198 2782 3254 locum

1607 3281 1959 3346 humilitatiS,
2012 3278 2109 3332 ubi
2158 3275 2448 3331 doctorem
2504 3288 2564 3327 se
2625 3268 2795 3326 incli-

1609 3360 1838 3416 nantem
1868 3350 2150 3420 exciperet
2173 3363 2187 3402 :
2210 3347 2343 3417 quia
2361 3347 2420 3401 in
2442 3342 2783 3414 discipulatu

1608 3425 1815 3482 Christi
1853 3438 1971 3478 non
2009 3421 2157 3475 illius
2185 3420 2451 3491 gratiam,
2485 3419 2584 3473 sed
2618 3428 2785 3472 suam

1607 3499 1849 3569 gloriam
1883 3492 2229 3564 requirebat.
2261 3509 2289 3543 »
2765 3517 2768 3528 Α

1677 3574 1711 3636 4
1739 3570 1817 3623 ΟΕ
1864 3579 2093 3632 ALTERO,
2134 3578 2227 3624 om
2273 3574 2563 3621 ANTEQUAM
2613 3556 2792 3610 Cam-r
2869 3595 2876 3604 .

1610 3657 1746 3697 s'rtm
1804 3653 2101 3705 SEQUATUR,
2165 3649 2376 3688 PATREM
2428 3644 2566 3684 vum
2632 3637 2793 3688 sarn-

1609 3730 1730 3768 man
1765 3728 1778 3779 ;
1813 3727 1878 3764 m·
1927 3705 2084 3764 cums
2128 3721 2207 3759 srr
2260 3701 2503 3779 mouns?
2535 3726 2606 3736 --
2636 3695 2795 3752 Dixit

1607 3791 1798 3840 autem
1828 3779 2104 3834 Dominus¹
2138 3775 2325 3841 alteri,
2367 3783 2528 3839 cujus
2560 3773 2789 3836 patrem

1603 3856 1723 3926 jam
1760 3855 2048 3906 mortuum
2094 3846 2352 3900 sciebat:
2402 3843 2639 3907 Sequere
2676 3848 2791 3889 me.

1612 3922 1717 3991 Qui
1744 3918 2041 3988 respondit
2069 3937 2082 3971 ε
2116 3915 2362 3980 Domine,
2394 3911 2554 3982 quod
2580 3912 2666 3962 est
2689 3920 2792 3962 re·

1612 3991 1907 4059 verentiae,
1933 3986 2193 4058 permitte
2220 3998 2325 4050 me,
2353 3980 2506 4052 quod
2535 3984 2622 4034 est
2654 3976 2801 4057 oben

1616 4063 1866 4131 dientiae,
1934 4055 2069 4129 quia
2135 4056 2205 4110 de
2281 4051 2569 4123 discipulis
2614 4064 2818 4117 ⁴amsp-

1616 4136 1831 4192 scilicet
1873 4128 2078 4187 futuris
2113 4126 2344 4196 dicitur,
2396 4119 2804 4181 etsi‘nondum·

1619 4211 1765 4275 crat,
1800 4206 2046 4276 primum
2075 4202 2185 4270 ..i-re,
2226 4203 2278 4254 et
2315 4197 2794 4268 sepelir-epatica

1619 4294 1820 4347 meum,
1858 4273 2013 4349 quod
2051 4278 2136 4330 est
2171 4286 2313 4344 opus
2363 4266 2793 4326 misericordias.
