3146 5023
423 400 515 457 346
1386 401 1597 455 mnu
1656 403 1946 458 cn‘mm

503 599 731 657 CAPUT
762 599 895 655 LIV.
921 624 989 640 -
1007 598 1087 652 De
1101 591 1437 668 quibusdam
1466 594 1876 670 impedimentis
1897 597 2259 669 perfectionis
2276 604 2329 657 et
2343 603 2577 670 sequelae
2592 603 2861 664 Christi.

479 780 499 817 1
535 760 615 815 De
666 756 798 828 igne
846 756 907 811 in
967 760 1185 813 terram
1250 755 1427 814 misso
1750 763 1783 816 6
1812 756 1949 828 Quis
1977 775 2145 816 amor
2174 764 2478 830 parentum
2509 766 2567 818 et
2596 761 2732 818 ani-

502 827 822 957 graesertim
851 830 1111 901 tempore
1141 828 1431 886 Passionis
1784 846 1896 888 mae
1928 830 2178 904 propriae
2202 847 2237 888 a
2264 831 2493 889 Christo
2522 833 2731 890 exclu-

551 897 735 955 hristi.
1539 902 1603 959 61
1786 901 1961 959 ditur.
2858 910 2935 974 64

477 990 506 1029 2
530 968 806 1027 Dominus
843 966 1122 1042 gladium,
1168 985 1286 1028 non
1325 985 1429 1045 pa·
1750 997 1781 1046 7
1813 973 2067 1032 Tertium
2087 971 2560 1046 impedimentum
2582 989 2728 1056 per-

503 1057 652 1111 cem,
676 1044 904 1099 mittere
934 1043 1110 1098 venit.
1540 1048 1608 1100 62
1786 1044 2055 1102 fectionis
2080 1046 2139 1101 et
2165 1045 2415 1117 sequelae
2438 1043 2670 1102 Domlni
2705 1064 2720 1101 :

468 1117 503 1171 δ
530 1111 786 1171 Primum
810 1112 1285 1185 impedimentum
1307 1127 1435 1186 per·
1786 1114 2214 1173 inconsiderata
2253 1116 2462 1173 mentis
2487 1114 2721 1175 levitas,
2853 1125 2926 1176 65

497 1185 765 1242 fectionis
807 1190 866 1242 et
895 1185 1145 1256 sequelae
1183 1184 1427 1242 Christi:
1751 1191 1783 1244 8
1836 1189 2112 1256 Quartum
2164 1187 2635 1260 impedimentum
2706 1205 2720 1242 ε

501 1255 862 1313 inordinatus
969 1255 1429 1331 propinquorum
1788 1259 1961 1317 stulta
1996 1259 2343 1315 confidentia
2374 1258 2438 1316 in
2465 1257 2727 1334 propriis

505 1343 692 1385 amor.
1540 1333 1609 1384 62
1787 1330 2024 1388 viribus.
2851 1337 2927 1389 66

464 1403 500 1468 4
530 1397 852 1456 Secundum
909 1393 1382 1470 impedimentum
1414 1412 1429 1456 ε
1752 1425 1786 1475 9
1806 1402 2075 1469 Quintum
2095 1399 2566 1473 impedimentum
2588 1417 2603 1458 :
2628 1400 2723 1460 di-

499 1472 759 1541 corporis
787 1473 845 1525 et
875 1470 1179 1540 voluptatis
1206 1485 1391 1529 amor.
1539 1476 1609 1528 65
1786 1472 2052 1529 vitiarum
2085 1489 2269 1530 amor.
2848 1480 2925 1548 67

463 1546 495 1597 ⁵
528 1542 648 1609 Quo
681 1556 854 1598 sensu
891 1538 1087 1599 anima
1127 1540 1432 1612 invenitur,
1721 1566 1785 1601 10
1814 1544 2197 1616 Discipulatus
2244 1543 2455 1600 Christi
2485 1543 2719 1617 duplex,

497 1613 588 1669 vel
618 1612 880 1685 perditur
905 1611 967 1669 in
992 1612 1103 1671 hoc
1134 1614 1346 1671 mundo
1375 1614 1433 1671 et
1787 1620 1844 1670 et
1873 1616 2006 1687 quid
2033 1615 2094 1672 in
2116 1620 2360 1689 utroque
2378 1615 2719 1689 relinquen·

501 1683 561 1740 in
591 1684 807 1741 futuro,
1536 1687 1605 1741 65
1789 1686 1926 1743 dum
1957 1685 2080 1744 sit?
2847 1693 2924 1745 68

565 1870 795 1929 CAPUT
822 1872 931 1928 LV.
963 1898 1035 1911 --
1062 1873 1140 1927 De
1165 1873 1533 1931 consolatione
1558 1873 1959 1947 discipulorum
1982 1877 2128 1931 inter
2170 1889 2337 1932 onera
2358 1878 2790 1947 praeceptorum.

468 2055 488 2090 1
528 2030 634 2099 Qui
697 2029 1104 2104 praedicatores
1169 2032 1374 2106 recipit
1404 2074 1422 2107 ‚
1747 2040 1782 2104 4
1809 2037 1875 2092 In
1899 2035 2291 2094 sacerdotibus
2313 2035 2429 2092 suis
2454 2035 2721 2093 Christus

500 2103 788 2161 Christum
830 2101 1279 2177 'trinitatemque
1323 2120 1424 2161 re·
1783 2106 2058 2179 loquitur,
2095 2107 2241 2166 sicut
2275 2106 2441 2165 ineis
2460 2113 2716 2164 contem-

500 2175 657 2244 cipit.
1532 2182 1564 2234 6
1785 2178 1965 2235 nitur.
2886 2202 2915 2238 2

473 2267 502 2302 2
535 2250 751 2304 Merces
798 2263 971 2318 quam
1015 2245 1194 2304 ’ustus
1243 2248 1426 2306 Judex
1569 2200 1601 2251 9
1755 2253 1786 2304 5
1819 2249 2084 2307 Meritum
2104 2247 2448 2308 obedientias
2466 2254 2524 2308 et
2546 2249 2705 2309 mala
2842 2204 2876 2253 7

505 2320 655 2373 Deus
701 2317 1001 2388 recipienti
1044 2334 1109 2374 us
1153 2334 1287 2376 suos
1330 2336 1422 2376 re·
1784 2321 2030 2394 propriae
2055 2319 2387 2378 voluntatis.
2836 2344 2908 2395 72

502 2387 736 2443 tribuet.
902 2454 915 2468 .
1532 2412 1602 2463 70
1749 2395 1781 2446 6
1808 2391 2061 2449 Christus
2074 2392 2377 2462 Apostolos
2403 2391 2476 2449 ad
2499 2392 2710 2464 praedi-

462 2461 495 2514 5
533 2456 947 2529 Hospitalitatxs
1034 2457 1307 2517 meritum
1365 2465 1424 2518 et
1784 2463 2031 2520 candum
2061 2463 2293 2521 mittens
2333 2462 2708 2538 semetipsum

501 2530 938 2588 commendatio,
1530 2555 1593 2606 71
1783 2534 1866 2592 eis
1889 2536 2110 2609 praebet
2145 2535 2488 2609 exemplum.
2830 2541 2904 2608 75

567 2716 797 2778 CAPUT
818 2718 952 2777 LVI.
976 2748 1047 2761 —
1068 2720 1148 2775 De
1164 2720 1461 2792 quaestione
1481 2721 1711 2781 Joannis
1738 2723 2009 2794 Baptistae
2034 2726 2087 2779 et
2113 2723 2234 2794 ejus
2258 2721 2749 2779 commendatione.

471 2903 491 2938 1
520 2882 849 2939 Praecursor
873 2879 1102 2938 Domini
1122 2878 1431 2950 discipulos
1747 2906 1778 2958 7
1809 2882 2256 2940 Commendatur
2277 2882 2349 2942 ab
2378 2880 2715 2942 austeritate

497 2969 632 3011 suos
663 2954 735 3010 ad
767 2969 898 3010 eum
935 2950 1132 3023 mittit,
1162 2954 1227 3010 ut
1243 2954 1430 3025 ipsum
1783 2953 1915 3011 vitae
1944 2959 2000 3011 et
2033 2953 2411 3027 poenitentiae.
2833 2958 2907 3027 78

500 3024 719 3082 interro
762 3029 881 3081 ent.
1537 3031 1607 3098 74
1748 3031 1781 3082 8
1812 3027 2256 3084 Commendatur
2275 3043 2309 3085 a
2331 3041 2600 3098 persona.
2757 3041 2760 3042 ⁷
2831 3049 2904 3099 79

468 3114 497 3150 2
535 3096 679 3167 Ipsis
709 3042 968 3154 ghristus
996 3112 1101 3169 per
1128 3111 1303 3169 opera
1329 3093 1432 3151 mi·
1750 3120 1782 3173 9
1812 3097 2260 3154 Commendatur
2323 3099 2395 3154 ab
2459 3094 2713 3154 auctori-

497 3168 761 3223 raculosa
789 3169 1117 3240 respondet.
1537 3172 1605 3242 75
1783 3172 1899 3223 tate
1929 3168 2204 3225 doctrinae
2234 3173 2293 3225 et
2321 3168 2393 3226 ab
2427 3167 2640 3231 officio.
2830 3170 2900 3225 80

457 3239 490 3290 5
521 3238 814 3293 Moraliter
832 3254 927 3304 sex
957 3236 1233 3294 miracula
1259 3235 1426 3292 Chri-
1717 3261 1780 3297 10
1814 3241 1989 3295 Nemo
2029 3238 2180 3296 inter
2217 3239 2479 3297 homines
2529 3239 2719 3312 major

495 3306 568 3363 sti
609 3312 811 3364 contra
861 3308 1101 3365 totidem
1140 3308 1292 3365 mala
1320 3308 1430 3380 spi·
1782 3311 2141 3367 Praecursore
2171 3310 2421 3367 Domini.
2829 3313 2899 3365 80

499 3376 751 3433 ritualia.
1535 3385 1604 3454 76
1717 3403 1773 3440 11
1801 3378 2716 3438 commendaturacommoditate

448 3451 494 3515 -4
512 3450 689 3505 Nemo
719 3448 779 3505 in
805 3448 1027 3506 Christo
1048 3450 1425 3509 scandalizari
1781 3451 2057 3533 temporis
2086 3469 2200 3525 quo
2230 3453 2407 3510 venit.
2826 3454 2890 3508 81

495 3521 687 3577 debet.
1531 3546 1602 3598 77
1716 3543 1776 3579 12
1812 3523 1958 3590 de
1993 3521 2085 3578 ‘sit
2136 3522 2414 3581 violentia
2465 3534 2713 3592 regnum

459 3596 489 3647 5
521 3594 632 3650 Cur
656 3592 931 3649 Dominus
956 3593 1239 3648 Joannem
1269 3608 1423 3649 com-
1782 3593 2061 3649 coelorum
2085 3610 2289 3664 rapere
2305 3595 2334 3650 Ἰ
2825 3597 2894 3649 82

494 3664 872 3734 mendaverit,
933 3669 991 3721 et
1052 3662 1112 3720 in
1166 3663 1427 3725 absentia
1716 3670 1778 3722 ι5
1811 3666 2065 3721 Joannes
2126 3665 2348 3722 medius
2400 3662 2508 3721 fuit
2557 3662 2713 3720 inter

495 3734 908 3807 discipulorum
948 3736 1072 3809 eJ‘us
1090 3734 1120 3792 ⁸?
1534 3762 1603 3811 77
1778 3741 2031 3792 veterem
2057 3739 2114 3792 et
2141 3752 2349 3793 novam
2373 3735 2581 3807 legem.
2825 3739 2894 3791 85

457 3808 490 3863 6
521 3807 963 3865 Commendatur
1019 3810 1347 3866 Praecursor
1391 3823 1428 3866 a
1714 3810 1778 3874 ι4
1813 3808 1947 3879 Ejus
1977 3808 2103 3864 laus
2134 3811 2191 3863 et
2218 3807 2529 3879 praeconia.
2825 3810 2894 3863 85

498 3877 820 3937 constantia
846 3879 984 3939 fidei
1008 3885 1067 3939 et
1094 3878 1325 3939 mentiS.
1533 3884 1605 3954 78
1715 3881 1788 3954 ι5Ἰ
1805 3880 1927 3947 Quo
1950 3894 2121 3937 sensu
2148 3878 2324 3936 fuerit
2345 3878 2519 3935 Elias,
2825 3882 2895 3946 84

510 4057 738 4118 CAPUT
767 4058 929 4118 LVII.
956 4087 1028 4102 --
1050 4062 1132 4117 De
1156 4060 1532 4131 increpatione
1559 4061 1612 4116 et
1640 4056 2084 4115 condemnatione
2103 4056 2415 4129 infidelium
2451 4056 2791 4117 Judaeorum.

466 4240 486 4275 1
522 4217 800 4276 Dominus
837 4220 1163 4292 superbiam
1194 4219 1428 4278 Judaeo-
1749 4240 1777 4276 2
1805 4217 2189 4292 spiritualiter
2203 4221 2400 4275 cantus
2417 4221 2472 4274 et
2492 4218 2709 4275 lamen·

494 4304 644 4358 rum,
662 4306 806 4361 quos
818 4307 937 4347 non
957 4291 1134 4349 movit
1147 4292 1425 4364 praedica-
1780 4294 1901 4348 tum
1923 4289 2359 4364 praedicantium
2372 4290 2599 4362 triplex.
2821 4295 2894 4348 86

498 4357 580 4413 tio
608 4359 870 4430 Joannis,
898 4362 1177 4434 increpat.
1521 4365 1607 4418 -85
1745 4366 1778 4418 5
1804 4365 1835 4419 J
1841 4362 1990 4419 udaei
2017 4378 2285 4435 perverse
2312 4361 2707 4420 austeritatem
