3146 5023
257 390 350 441 118
869 406 872 411 ·
1019 392 1239 442 PRIMAE
1297 391 1537 443 PARTIS
1594 388 1801 440 CAPUT
1857 389 1975 440 LXI

264 498 380 552 tem
426 493 618 552 officia
675 495 873 550 activae
925 492 1054 549 vitae
1107 496 1318 565 legere,
1378 495 1435 549 in

267 564 496 638 publico
523 566 855 637 praedicare,
900 566 1205 635 corripere,
1235 581 1435 620 erran-

266 644 356 694 tes
384 653 672 702 revocare,
699 637 1015 690 nescientes
1043 636 1266 703 docere,
1291 651 1434 706 pau·

269 723 437 780 peres
467 711 782 763 sustentare
821 711 874 759 et
908 709 1081 773 alere,
1113 707 1438 777 petentibus

268 778 566 834 consilium
616 783 672 831 et
704 775 975 831 auxilium
1016 777 1174 846 dare,
1206 777 1436 848 inopem

266 849 336 905 de
381 864 554 903 manu
604 846 766 901 sortis
820 846 1061 917 eripere,
1094 848 1437 904 infirmantis

266 934 462 974 curam
492 933 715 988 gerere,
755 918 1075 974 commissis
1110 919 1271 975 nobis
1304 935 1440 991 qua-

264 989 394 1044 liter
451 988 761 1043 subsistere
822 988 1051 1045 valeant
1110 990 1433 1063 providere,

265 1074 390 1132 quae
412 1057 650 1128 singulis
666 1058 985 1129 quibusque
1001 1061 1303 1133 expediant
1323 1061 1435 1117 dis-

260 1145 524 1203 pensare,
558 1146 732 1210 opera
782 1131 1008 1202 pietatis
1040 1133 1232 1188 omnia
1271 1149 1434 1189 exer-

263 1217 414 1257 cere.
447 1202 649 1256 Officia
670 1201 801 1257 vitae
827 1203 1278 1274 contemplativae
1305 1209 1436 1259 sunt

265 1270 374 1328 sibi
406 1278 464 1327 et
491 1271 550 1326 in
579 1279 797 1327 secreto
826 1273 1035 1344 legere,
1069 1276 1128 1330 in
1164 1277 1309 1343 Lege
1336 1274 1434 1331 Dei

263 1342 550 1407 meditari,
609 1349 825 1399 secreto
880 1361 1066 1414 orare,
1099 1346 1436 1403 suavitatem

267 1419 321 1470 et
350 1413 707 1470 dulcedinem
760 1416 958 1486 patriae
1018 1433 1144 1472 cum
1201 1416 1437 1488 Angelis

265 1490 616 1557 praegustare
665 1491 723 1541 et
756 1487 1114 1567 praesentire,
1144 1487 1248 1544 soli
1295 1487 1440 1543 desi-

265 1556 425 1612 derio
480 1557 800 1612 Conditoris
859 1557 1170 1629 inhaerere,
1212 1565 1437 1615 exutam

261 1632 511 1683 mentem
563 1629 839 1684 acunctis
901 1631 1113 1686 habere
1171 1628 1434 1698 terreniS‚

267 1713 508 1767 eamque
537 1704 813 1770 quantum
852 1702 1101 1757 humana
1140 1700 1438 1757 imbecilli-

260 1776 349 1825 tas
383 1769 515 1826 sinit
538 1771 698 1825 unire
731 1787 860 1827 cum
891 1773 1112 1827 Christo
1153 1789 1165 1825 ε
1207 1777 1268 1827 ut
1297 1770 1438 1828 nihil

260 1842 379 1912 jam
413 1857 583 1910 agere
626 1843 819 1909 libeat,
858 1842 957 1897 sed
1005 1841 1235 1898 calcatis
1288 1842 1438 1897 curis

274 1912 562 1980 omnibuS,
599 1914 670 1967 ad
729 1912 1033 1968 videndam
1091 1911 1294 1968 faciem
1352 1911 1438 1968 sui

275 1984 560 2040 Creatoris
617 1983 841 2039 animus
896 1984 1236 2053 inardescat,
1294 1984 1437 2041 adeo

271 2060 336 2110 ut
395 2054 750 2111 conversatio
824 2054 1246 2126 contemplativi
1319 2055 1440 2126 jam

272 2126 435 2197 quasi
461 2127 521 2182 in
563 2126 718 2182 coelis
745 2124 845 2194 sit,
880 2131 935 2182 et
977 2126 1119 2182 nihil
1158 2127 1228 2182 de
1261 2134 1441 2183 terre-

273 2197 365 2252 nis
411 2197 612 2269 sapiat.
648 2197 1132 2269 Contemplativus
1177 2197 1330 2254 enim
1387 2202 1445 2252 et

267 2284 404 2324 vere
431 2269 741 2339 spiritualis
774 2270 946 2326 homo
977 2274 1093 2325 tam
1123 2269 1310 2325 fidelis
1341 2268 1441 2323 de·

271 2340 370 2394 bet
409 2355 528 2394 esse
559 2339 614 2393 in
652 2344 770 2395 tota
805 2341 919 2395 vita
948 2356 1071 2408 sua,
1100 2344 1157 2396 et
1193 2339 1252 2394 in
1287 2337 1443 2394 omni

272 2424 444 2479 opere
476 2425 597 2477 suo,
639 2426 705 2465 ac
745 2410 790 2465 si
833 2410 1068 2478 singulis
1110 2409 1266 2465 horis
1291 2408 1442 2480 judi-

277 2477 396 2537 cari
426 2479 632 2537 debeat
678 2497 869 2537 coram
905 2484 1059 2550 Deo;
1095 2484 1150 2536 et
1201 2484 1319 2536 tam
1347 2495 1441 2536 ar-

276 2552 432 2607 denti
491 2551 774 2607 desiderio
833 2552 1021 2607 vivere
1077 2556 1133 2607 et
1188 2552 1392 2608 ardere
1428 2593 1443 2621 ,

278 2621 442 2694 quasi
507 2623 746 2692 singulis
802 2622 959 2678 horis
1015 2622 1220 2678 debeat
1277 2624 1442 2694 jungi

271 2694 621 2765 Angelorum
646 2695 884 2749 coetibus
908 2693 979 2748 ad
1005 2694 1307 2749 fruendum
1324 2696 1440 2750 Deo

281 2765 647 2821 aeternaliter.
681 2767 747 2818 Et
778 2763 874 2834 qui
922 2765 1094 2820 habet
1124 2781 1221 2820 cor
1259 2764 1313 2819 in
1347 2781 1441 2820 su-

274 2835 468 2909 pernis
502 2837 780 2892 elevatum
805 2836 1031 2906 quando
1062 2836 1240 2905 sedet,
1269 2851 1443 2908 quan-

276 2909 349 2964 do
372 2909 644 2977 ambulat,
669 2907 892 2978 quando
916 2907 1241 2980 requiescit,
1268 2924 1445 2980 quan-

274 2980 346 3035 do
378 2980 592 3052 aliquid
634 2981 788 3047 facit,
821 2995 919 3034 cor
944 2995 977 3035 a
1016 2981 1130 3035 Deo
1183 2995 1298 3035 non
1350 2995 1441 3035 re-

276 3051 428 3107 cedit
455 3070 468 3119 ;
499 3068 697 3106 omnes
725 3051 798 3106 ad
828 3050 928 3106 Dei
960 3066 1213 3106 amorem
1246 3051 1443 3106 exhor-

272 3127 466 3188 tatur3
500 3122 722 3177 deridet
762 3123 930 3192 hujus
975 3122 1167 3178 mundi
1203 3122 1442 3191 gloriam

279 3198 335 3250 et
403 3192 729 3247 felicitatem
771 3210 785 3258 3
849 3191 1089 3246 miratur
1144 3192 1441 3248 hominum

283 3260 618 3328 caecitatein,
651 3266 708 3315 et
770 3277 939 3330 quam
995 3262 1227 3317 stultum
1270 3262 1343 3318 sit
1382 3265 1441 3318 in

278 3331 626 3387 transitoriis
653 3331 923 3386 fiduciam
943 3332 1157 3388 habere
1175 3334 1439 3389 ostendit.

345 3425 377 3476 7
407 3403 885 3458 CONTEMPLATivcs
941 3421 1250 3465 ALIQquno
1305 3422 1445 3459 ACTI-

269 3491 372 3533 vus
430 3491 570 3528 rimu
623 3491 812 3540 nsum,
854 3489 917 3527 m·
965 3491 996 3527 E
1044 3491 1339 3530 coxvssnso.
1376 3507 1447 3517 —-

278 3544 763 3614 Contemplativus
803 3552 994 3599 tamen
1032 3559 1135 3614 pro
1166 3550 1442 3626 opportu-

276 3616 456 3673 nitate
486 3614 757 3686 temporis
796 3621 852 3670 et
878 3617 1210 3672 necessitate
1235 3622 1445 3673 instan-

279 3693 359 3757 te,
390 3687 535 3744 alter
591 3686 824 3742 alterius
871 3693 1058 3742 sumat
1109 3686 1317 3756 officia,
1352 3688 1447 3744 sit·

278 3775 387 3831 que
430 3760 500 3814 de
539 3758 974 3828 contemplativo
1037 3758 1273 3827 activus,
1318 3765 1374 3814 et
1414 3775 1444 3814 e

276 3846 571 3898 converse,
601 3847 726 3885 cum
762 3828 1024 3901 expedire
1059 3832 1242 3885 visum
1275 3829 1446 3886 fuerit

275 3902 558 3960 Ecclesiae.
593 3903 750 3957 Unde
789 3902 1141 3957 Hildebertus
1195 3903 1446 3959 Cenoma-

276 3976 460 4028 nensis
500 3973 751 4028 scribens
804 3973 1028 4029 cuidam
1068 3977 1355 4043 assumpto
1387 3971 1445 4027 in

277 4044 573 4116 praelatum
601 4087 614 4113 ‚
675 4044 1054 4114 conquerenti
1116 4045 1444 4115 ademptam

276 4114 383 4171 sibi
443 4132 567 4170 esse
616 4115 1105 4186 contemplationis
1162 4116 1443 4185 requiem,

277 4191 332 4242 et
366 4186 562 4242 activae
608 4186 1002 4243 sollicitudinis
1055 4186 1336 4243 sarcinam
1385 4202 1445 4240 se

271 4255 509 4312 invitum
556 4258 856 4326 sustinere,
893 4257 972 4313 ait
1024 4274 1036 4311 ε
1091 4282 1113 4305 ιι
1146 4259 1232 4314 Ad
1269 4257 1446 4329 pedes

279 4326 502 4384 Domini
560 4344 688 4384 cum
740 4327 918 4385 Maria
975 4328 1237 4400 sedebaS,
1294 4345 1445 4385 nunc

1551 508 1680 547 cum
1713 493 1934 547 Martha
1964 492 2206 549 Domino
2241 494 2551 552 ministras·
2584 497 2729 566 Spe-

1548 561 1663 618 cies
1698 563 1965 619 Rachelis
1992 568 2045 620 te
2086 563 2275 620 allexit
2306 583 2318 633 ;
2370 567 2469 621 sed
2498 583 2602 623 nec
2638 569 2720 624 sa-

1547 632 1747 689 stidias
1780 633 1935 688 Liam
1968 633 2201 707 lippam,
2236 636 2368 705 quia
2396 637 2580 709 gignit
2610 638 2719 695 sibi

1547 704 1824 761 sobolem.
1880 705 2059 761 Maria
2121 722 2155 761 a
2214 707 2452 764 Domino
2505 709 2714 764 fercula

1548 775 1751 856 sumit,
1765 777 1987 832 Martha
2003 778 2242 833 Domino
2266 794 2336 835 ea
2357 785 2641 850 praeparat
2662 788 2719 834 et

1546 854 1815 917 appon1t3
1881 848 2003 903 hte'c
2061 850 2237 904 Deum
2296 850 2497 919 reficit,
2540 849 2639 906 illa
2685 868 2718 906 a

1546 920 1663 973 Deo
1710 918 2000 986 reficitur3
2031 919 2152 975 haec
2196 919 2483 977 ministrat
2513 937 2715 992 panem

1545 988 1865 1058 hominum,
1902 990 1981 1044 illi
2014 989 2372 1047 ministratur
2408 991 2572 1063 panis
2602 994 2715 1048 An-

1547 1060 1804 1140 gelorum
1832 1078 1845 1128 ;
1877 1060 1935 1115 in
1959 1077 2157 1117 mensa
2187 1064 2310 1133 ejus
2337 1062 2478 1118 nihil
2504 1063 2718 1119 fastidi-

1548 1135 1660 1199 tur,
1696 1146 1756 1184 1n
1787 1147 1985 1187 mensa
2016 1134 2251 1188 Martha}
2284 1134 2482 1191 multa.
2516 1134 2598 1190 Ibi
2623 1150 2717 1190 au-

1546 1200 1746 1257 diebas
1775 1203 2059 1258 canticum
2086 1204 2453 1274 Angelorum,
2485 1204 2717 1261 videbas

1547 1271 1667 1327 lilia
1705 1271 2020 1343 virginum,
2046 1291 2210 1331 rosas
2241 1278 2571 1346 Martyrum,
2597 1277 2718 1330 vio-

1547 1343 1633 1398 las
1672 1343 2117 1413 Consessorum;
2152 1345 2245 1401 hic
2278 1346 2479 1401 Filium
2512 1346 2615 1403 Dei
2650 1347 2718 1402 de

1548 1413 1705 1469 coelis
1736 1414 2173 1472 descendentem
2198 1424 2367 1487 atque
2393 1418 2674 1474 dicentem
2705 1434 2715 1470 :

1550 1485 1830 1542 Gaudium
1864 1488 2046 1556 majus
2080 1493 2160 1543 est
2196 1489 2428 1556 Anoelis
2478 1491 2579 1544 Dei
2628 1504 2717 1543 su-

1547 1572 1647 1627 per
1666 1572 1772 1610 uno
1801 1565 2080 1627 peccatore
2105 1563 2482 1629 poenitentiam
2505 1565 2719 1628 ayente,

1548 1631 1653 1681 ete.
1693 1626 1933 1684 Videtur
1961 1628 2062 1684 tibi
2103 1630 2603 1699 contemplativam
2633 1646 2721 1686 ac-

1549 1696 1679 1752 tivae
1710 1698 1918 1753 debere
1956 1702 2209 1771 praeponi
2237 1716 2250 1766 ;
2284 1706 2495 1768 tamen,
2528 1699 2575 1754 si
2615 1700 2722 1755 sol-

1549 1767 1701 1822 licite
1739 1769 2089 1837 consideres,
2122 1769 2306 1824 activa
2364 1769 2604 1826 materia
2633 1776 2719 1825 est

1549 1837 1622 1892 ad
1650 1837 1912 1909 gloriam,
1947 1840 2092 1895 sicut
2114 1840 2571 1909 contemplativa,
2604 1856 2723 1894 non

1550 1910 1857 1966 descensus
1879 1911 1948 1966 ad
1968 1911 2192 1966 ruinam
2218 1928 2230 1964 z
2257 1927 2496 1981 quarum
2511 1915 2720 1967 utram-

1592 1995 1679 2059 ue·
1698 1981 1750 2034 in
1779 1982 1982 2037 eodem
2014 1981 2147 2037 etin
2174 1982 2414 2037 diversis
2440 1981 2714 2041 invenies,

1598 2051 1808 2106 hristus
1824 2052 1975 2107 enim
1992 2054 2186 2109 turbas
2204 2053 2411 2109 docens
2424 2053 2479 2108 in
2499 2069 2721 2125 campe-

1553 2120 1784 2192 stribuS,
1817 2123 1876 2179 in
1910 2131 2101 2180 monte
2144 2126 2377 2194 orabat3
2416 2127 2633 2198 Moyses
2662 2124 2721 2179 in

1553 2197 1748 2247 monte
1800 2200 1854 2250 et
1895 2196 1953 2250 in
1983 2196 2352 2252 tabernaculo
2385 2197 2722 2267 loquebatur

1554 2279 1684 2321 cum
1724 2265 1983 2334 Domine,
2014 2267 2365 2321 descendens
2414 2268 2489 2322 de
2527 2270 2720 2321 monte

1555 2343 1613 2393 et
1637 2350 1899 2406 egressus
1929 2337 1998 2391 de
2039 2337 2401 2392 tabernaculo
2444 2337 2717 2406 loqueba-

1554 2413 1647 2463 tur
1693 2423 1819 2462 cum
1852 2408 2090 2480 populo;
2127 2411 2341 2474 PetruS,
2371 2406 2458 2462 cui
2507 2406 2718 2462 dictum

1555 2478 1642 2536 est
1675 2477 1734 2534 in
1760 2479 2050 2536 coenaculo
2086 2496 2098 2534 :
2126 2482 2313 2536 Maeta
2344 2483 2394 2534 et
2424 2478 2718 2541 manduce,

1551 2549 1882 2635 praedicavit
1906 2551 2111 2624 populo
2140 2569 2156 2620 ;
2188 2550 2492 2622 Apostolus
2523 2566 2589 2606 ra
2630 2555 2722 2606 tus

1551 2641 1611 2679 1n
1646 2623 1996 2693 paradisum,
2025 2623 2202 2678 factus
2236 2627 2319 2676 est
2354 2622 2553 2677 doctor
2631 2637 2722 2676 en-

1549 2695 1714 2752 tium.
1750 2694 1927 2749 Maria
1952 2693 2156 2762 legitur
2186 2696 2402 2748 tantum
2434 2691 2644 2748 sedisse
2667 2696 2720 2748 et

1552 2764 1799 2832 audisse,
1831 2781 1935 2819 nec
1961 2765 2264 2834 aliquando
2292 2766 2473 2818 sorori
2505 2763 2721 2819 discur-

1550 2836 1700 2894 renti
1731 2835 2083 2903 subvenisse,
2115 2835 2245 2890 licet
2280 2836 2403 2905 ejus
2433 2833 2722 2900 auxilium,

1552 2909 1801 2980 quadam
1854 2906 2061 2963 mentis
2117 2906 2520 2974 amaritudine,
2561 2904 2727 2962 anxia

1552 2996 1719 3036 soror
1748 2979 2080 3051 postularet.
2116 2979 2337 3034 Martha
2368 2993 2725 3049 nequaquam

1550 3050 1760 3121 legitur
1798 3057 2017 3120 partem
2057 3052 2250 3106 Mariae
2292 3067 2392 3106 suo
2436 3048 2728 3105 miscuisse

1552 3120 1846 3192 obsequiO,
1881 3129 1935 3178 et
1975 3122 2124 3190 ide0,
2157 3121 2299 3177 sicut
2332 3121 2605 3175 Dominus
2641 3125 2723 3174 te-

1552 3197 1736 3249 statur
1771 3209 1784 3246 z
1810 3196 1995 3247 Maria
2025 3196 2287 3262 optimam
2309 3197 2523 3260 partem
2541 3191 2730 3256 eleqz't,

1554 3281 1677 3335 quae
1704 3279 1813 3318 non
1840 3266 2124 3331 auferetur
2152 3263 2221 3315 ab
2245 3278 2325 3314 ea.
2353 3262 2461 3313 Per
2486 3258 2720 3313 Mariam

1554 3351 1692 3407 ergo
1743 3334 2044 3403 signantur
2090 3345 2329 3402 quorum
2364 3329 2719 3383 conversatio

1553 3405 1617 3461 in
1648 3405 1806 3461 coelis
1830 3410 1931 3470 est,
1963 3407 2021 3457 ut
2046 3402 2139 3471 qui
2169 3401 2360 3455 dicunt
2383 3418 2399 3451 .·
2422 3402 2556 3452 Ecce
2581 3400 2722 3453 elon-

1557 3479 1696 3545 qavi
1730 3477 1972 3542 fuqienS,
2009 3477 2114 3525 ete.
2147 3472 2255 3524 Per
2311 3469 2590 3523 Martham
2626 3484 2723 3526 ne-

1556 3545 1759 3628 gotiosi
1818 3542 2143 3597 sacerdotes
2201 3539 2718 3610 reprehenduntur,

1555 3633 1614 3672 1n
1647 3614 1849 3686 quibus
1890 3614 2056 3667 turba
2085 3611 2446 3682 negotiorum
2479 3615 2725 3667 contem-

1553 3684 1818 3759 plationis
1870 3683 2117 3739 excludit
2166 3682 2476 3739 sacrarium
2509 3687 2564 3737 et
2600 3699 2730 3740 con-

1553 3756 1673 3811 triti
1742 3755 1929 3810 cordis
1988 3754 2300 3825 exstinguit
2361 3753 2723 3811 sacrificium.

1554 3830 1747 3897 Neque
1779 3826 1929 3882 enim
1958 3826 2082 3883 fieri
2111 3832 2319 3899 potest,
2345 3824 2728 3895 utaliquando

1555 3899 1822 3969 loquatur
1855 3914 1981 3954 cum
2020 3897 2289 3967 Domino,
2318 3896 2415 3969 qui
2447 3896 2621 3953 etiam
2652 3896 2728 3952 si-

1553 3969 1680 4025 lens
1710 3986 1835 4025 cum
1886 3974 2006 4025 toto
2043 3969 2331 4025 fabulatur
2369 3968 2603 4024 mundo.
2632 3969 2732 4023 Ta-

1554 4040 1706 4096 libus
1731 4047 2028 4097 occursant
2054 4040 2132 4096 ini
2143 4040 2286 4096 mica
2310 4039 2553 4119 negotia,
2588 4051 2725 4106 quo-

1554 4128 1683 4168 rum
1716 4112 2033 4169 recordatio
2088 4112 2216 4167 illos
2251 4116 2504 4179 sequitur
2548 4122 2726 4178 usque

1555 4185 1629 4240 ad
1685 4200 1846 4240 sacra
1891 4183 2114 4250 altaria,
2154 4182 2247 4252 qui
2300 4180 2412 4235 illis
2464 4180 2724 4234 furantur

1558 4255 1882 4312 orationum
1933 4253 2227 4326 suffragia,
2288 4257 2342 4307 et
2387 4248 2725 4328 defraudant

1558 4327 1676 4384 suis
1716 4325 2066 4397 temporibus
2101 4321 2484 4381 ecclesiastica
2512 4319 2728 4376 officia-
