3146 5023
409 324 501 376 226

413 428 575 487 Unde
609 426 691 485 ait
730 428 1093 496 Hieronymus
1123 444 1140 481 ε
1166 444 1198 479 1<
1230 424 1437 485 Christi
1491 427 1593 480 Ec·-

412 499 585 559 clesia
642 497 804 571 prius
857 502 1025 568 nata,
1082 502 1139 579 et
1199 502 1326 568 post
1379 496 1593 578 adulta,

412 570 904 646 persecutionibus
948 574 1143 637 crevit,
1183 573 1470 639 martyr-ns
1508 584 1596 623 co-

414 649 617 701 ronata
651 646 757 698 est.
790 644 857 697 Et
894 646 1196 712 postquam
1226 641 1299 696 ad
1331 638 1595 696 Christia-

414 732 522 772 nos
555 712 841 786 principes
872 714 1047 779 venit,
1078 710 1333 783 potentia
1363 710 1594 782 quidem

411 790 469 844 et
488 784 701 842 divitiis
723 784 927 854 major,
952 784 1052 839 sed
1075 782 1377 839 virtutibus
1405 781 1596 837 minor

414 862 500 912 est
530 858 695 911 facta.
719 875 748 904 υ
778 858 945 916 Tunc,
974 860 1037 910 ut
1059 853 1279 909 firmius
1306 853 1593 925 possideat

413 928 661 994 Judaeos‚
693 927 851 980 vadit
881 924 1139 981 diabolus
1165 941 1268 997 per
1301 930 1589 992 conatum,

413 1005 464 1055 et
512 1001 746 1053 assumit
781 1002 984 1067 septem
1015 999 1155 1051 ulios
1193 999 1448 1066 spiritus,
1495 1013 1594 1064 per

416 1086 560 1142 quos
594 1068 931 1125 universitas
961 1069 1284 1124 daemonum
1314 1073 1371 1122 et
1414 1066 1591 1122 vitio-

411 1157 560 1209 rum,
598 1139 805 1210 quibus
835 1144 1034 1207 tentat,
1064 1136 1417 1207 intelligitur,
1458 1137 1593 1208 quia

410 1210 754 1269 universitas
793 1212 901 1267 hoc
943 1226 1180 1267 numero
1221 1226 1371 1280 saepe
1427 1208 1592 1264 desi-

413 1289 623 1356 gnatur
655 1300 668 1338 :
696 1284 817 1338 haec
843 1290 974 1338 sunt
998 1287 1218 1353 septem·
1244 1286 1444 1350 gentes
1472 1297 1591 1351 pu—

416 1360 658 1427 gnantes
691 1362 887 1410 contra
924 1353 1073 1409 filios
1108 1352 1301 1408 lsrael.
1338 1353 1447 1407 Iste
1478 1368 1591 1407 au-

412 1429 531 1483 tem
562 1425 922 1498 septenarius
951 1430 1167 1496 septem
1199 1423 1368 1480 donis
1400 1422 1589 1494 Spiri—

415 1500 511 1553 tus
543 1496 735 1553 Sancti
764 1497 1082 1568 expellitur.
1117 1498 1184 1552 Et
1213 1494 1372 1551 addit
1393 1494 1587 1551 Domi-

412 1584 539 1637 nuS,
562 1572 848 1639 nequiores
868 1585 944 1633 se,
968 1568 1055 1624 vel
1082 1572 1314 1640 propter
1336 1565 1588 1635 ipsorum

416 1656 741 1709 numerum,
780 1639 870 1695 vel
902 1644 1137 1711 propter
1172 1642 1464 1705 conatum,
1502 1636 1589 1692 vel

413 1716 648 1783 propter
698 1710 981 1773 effectum,
1024 1725 1193 1779 quem
1241 1708 1516 1763 inducunt
1570 1724 1584 1763 t

413 1780 568 1852 quia,
590 1797 689 1837 eos
708 1781 781 1837 ad
802 1796 945 1850 quos
966 1781 1231 1847 redeunt,
1257 1777 1586 1850 nequioreS,

416 1865 587 1922 quam
618 1857 770 1919 ante,
804 1851 1037 1906 faciunt.
1066 1855 1139 1907 Et
1169 1853 1461 1918 intrantem,
1489 1867 1591 1906 seu
1636 1896 1638 1898 .

413 1921 657 1993 ingressi
710 1923 965 1977 habitant
1015 1923 1116 1990 ibi,
1165 1927 1222 1977 et
1270 1919 1351 1977 sic
1398 1921 1590 1977 omnia

417 1993 781 2049 cumulantur
798 1993 859 2048 in
884 1992 967 2049 eis
991 1992 1152 2049 vitia.
1176 1995 1305 2048 Haec
1333 1998 1419 2048 est
1435 1992 1590 2049 enim

414 2063 654 2121 intentio
684 2066 1034 2135 daemonum,
1061 2070 1123 2121 ut
1152 2081 1268 2121 non
1297 2068 1592 2120 transeant

416 2136 491 2192 ad
524 2137 729 2193 horam
766 2136 854 2194 vel
884 2143 1106 2208 tempus
1138 2135 1454 2205 modicum;
1489 2135 1590 2191 sed

416 2212 479 2263 ut
506 2207 883 2265 immorentur
911 2224 1092 2280 usque
1144 2208 1217 2263 ad
1248 2207 1486 2287 obitum.
1518 2210 1592 2262 Et

414 2282 555 2348 fiunt
600 2284 899 2336 novissima
949 2282 1204 2341 hominiS,
1234 2278 1449 2332 scillcet
1477 2293 1591 2348 po-

414 2349 535 2419 puli
576 2349 822 2418 Judaici,
848 2350 1044 2418 pejora
1077 2351 1362 2419 prioribus
1401 2365 1414 2402 ι
1457 2348 1592 2418 quia

411 2419 614 2488 Judaei‚
656 2425 786 2475 ante
846 2420 1053 2488 Legem
1111 2419 1321 2486 datam,
1362 2418 1594 2474 fuerunt

411 2489 659 2562 peccatis
691 2488 920 2560 irretiti,
951 2493 1007 2546 et
1038 2505 1074 2547 a
1101 2488 1328 2547 diabolo
1358 2505 1589 2561 posses-

414 2560 463 2618 si
486 2580 499 2633 3
529 2563 629 2618 sed
656 2566 785 2635 post
810 2563 1115 2619 adventum
1138 2565 1276 2619 Jesu
1302 2562 1510 2618 Christi
1533 2562 1591 2618 in

456 2638 648 2690 eccato
701 2650 803 2691 suo
857 2634 1151 2704 obstinati,
1186 2640 1319 2690 sunt
1364 2635 1591 2706 peiores

435 2705 567 2761 acti.
609 2707 818 2762 Eorum
875 2705 1028 2764 enim
1077 2711 1311 2778 peccata
1358 2711 1594 2777 propter

413 2775 882 2849 ingratitudinem
914 2782 1051 2833 sunt
1079 2776 1241 2848 quasi
1272 2776 1557 2847 duplicata
1573 2794 1589 2847 ;

412 2864 545 2904 nam
560 2847 872 2905 deteriores
890 2853 1021 2905 sunt
1036 2847 1306 2905 Israelitae
1333 2847 1592 2919 blasphe-

412 2925 633 2976 mantes
646 2920 935 2977 Christum
950 2921 1009 2976 in
1027 2918 1432 2977 conventiculis
1447 2920 1586 2990 suiS,

414 3007 587 3062 quam
621 2992 757 3048 olim
800 2991 1040 3049 fuissent
1074 2994 1130 3047 in
1175 2995 1412 3075 AEgypto
1453 2997 1589 3048 ante

413 3062 679 3119 notitiam
703 3064 863 3134 Legis
878 3082 894 3134 ;
923 3064 1057 3135 quia
1081 3064 1263 3135 major
1279 3063 1589 3120 infidelitas

413 3136 500 3187 est
530 3134 853 3189 venientem
908 3152 1024 3190 non
1072 3134 1382 3205 suscipere,
1415 3150 1589 3203 quam

410 3208 715 3257 venturum
747 3220 859 3258 non
891 3206 1142 3261 credere.
1176 3205 1390 3260 Deinde
1417 3204 1588 3260 simi—

407 3271 705 3326 litudinem
739 3272 969 3343 dictam,
1002 3284 1058 3330 et
1088 3292 1198 3346 quo
1244 3276 1441 3331 tendat
1473 3291 1586 3346 pa-

409 3340 626 3407 rabola,
684 3342 960 3399 Dominus
1011 3346 1261 3415 exponit,
1317 3347 1585 3415 quodque

404 3410 498 3467 hic
529 3410 690 3481 quasi
722 3412 791 3465 de
823 3429 936 3468 uno
974 3415 1207 3470 homine
1243 3432 1344 3485 per
1372 3416 1583 3469 simili-

409 3482 663 3539 tudinem
695 3480 929 3551 dictum,
963 3485 1032 3539 de
1076 3490 1193 3538 toto
1232 3484 1442 3555 populo
1472 3488 1582 3541 Ju—

406 3553 569 3610 daico
623 3552 986 3624 intelligatur,
1029 3555 1295 3624 ostendit,
1334 3554 1528 3610 dicens
1563 3573 1576 3611 :

406 3630 499 3685 Sic
557 3628 661 3681 erit
720 3629 1062 3695 qenerutioni
1116 3628 1242 3680 huic
1299 3629 1578 3696 pessimae,

407 3698 620 3755 scilicet
648 3697 920 3766 Judaicae,
953 3705 1123 3770 prout
1156 3713 1329 3768 supra
1367 3696 1579 3754 dictum

408 3776 494 3827 est
523 3771 592 3840 de
622 3770 847 3826 homine
878 3788 1011 3827 uno.
1046 3770 1193 3825 Mala
1215 3769 1319 3825 fuit
1342 3786 1579 3841 genera-

405 3846 484 3899 tio
527 3844 647 3898 baec
685 3842 744 3898 in
783 3844 1030 3913 deserto,
1073 3843 1299 3912 quando
1343 3842 1579 3897 vitulum

403 3915 682 3982 adoravit,
735 3917 960 3984 quando
1020 3920 1219 3977 contra
1274 3913 1578 3970 Dominum

404 3986 801 4055 murmuravit,
834 3986 1064 4058 quando
1113 3991 1278 4040 terrae
1322 3983 1577 4056 promis-

401 4059 577 4114 sionis
628 4059 906 4128 detraxit3
950 4059 1051 4115 sed
1100 4058 1262 4129 pejor
1310 4056 1370 4113 in
1423 4060 1577 4111 terra

402 4127 799 4200 promissionis
838 4137 968 4186 ante
1004 4130 1306 4186 adventum
1344 4126 1572 4196 Christi,

399 4201 627 4270 quando
659 4199 828 4268 filios,
859 4210 914 4255 et
938 4202 1089 4256 filias
1126 4198 1426 4256 daemoniis
1455 4199 1575 4254 im-

398 4269 662 4340 molavit;
698 4270 799 4327 sed
826 4271 1074 4341 pessima
1098 4276 1229 4341 post
1263 4272 1570 4329 adventum

1112 317 1346 372 ‘PRIMAE
1402 317 1645 371 PARTIS
1704 316 1909 372 CAPUT
1966 313 2189 369 LXXIV

1704 421 1934 493 Christi,
1970 421 2203 493 quando
2243 419 2345 477 Dei
2395 421 2601 488 Filium
2637 418 2714 480 ad
2757 439 2888 482 eam

1702 494 1943 551 missum
1965 495 2169 560 tenuit,
2200 491 2413 564 ligavit,
2443 494 2744 569 conspuit,
2762 513 2890 569 per-

1703 566 1881 622 cussit
1907 569 1966 631 et
1995 563 2241 631 denique
2281 564 2580 622 crucifixit.

1774 642 1805 692 8
1833 639 2020 692 EADEM
2052 652 2335 691 PARABOLA
2359 654 2652 696 PECCATORI
2689 659 2891 697 maelm-

1700 726 1863 764 VANTI
1893 725 2205 764 AppchTA.
2247 737 2308 748 —
2341 708 2634 766 Moraliter
2661 712 2892 784 exponi·

1701 784 1793 836 tur
1827 779 1979 835 istud
2021 778 2342 850 exemplum
2391 780 2461 835 de
2507 782 2761 851 homine,
2795 782 2924 855 qui„

1703 857 1828 920 post
1852 850 2095 921 gratiam
2134 851 2555 919 baptismalem,
2587 855 2678 910 vel
2707 855 2892 927 poeni·

1700 922 2025 991 tentialem,
2067 921 2341 977 recidivat
2378 921 2437 977 in
2477 924 2701 995 culpam
2737 926 2891 982 sicut

1701 997 1854 1049 canis
1887 1010 2135 1048 reversus
2170 994 2245 1048 ad
2296 998 2578 1050 vomitum.
2611 997 2886 1054 Diabolus

1699 1064 1850 1120 euim
1881 1066 1951 1121 ab
1983 1064 2213 1120 homine
2252 1064 2383 1133 exit,
2421 1067 2647 1136 quando
2686 1068 2746 1124 in
2770 1068 2883 1125 Ba-

1697 1136 1905 1206 ptismo
1927 1135 2150 1207 pompis
2171 1135 2342 1195 illius,
2371 1141 2429 1192 et
2453 1137 2708 1195 omnium
2734 1156 2884 1211 prae-

1700 1206 2025 1263 cedentium
2055 1212 2420 1278 peccatorum
2449 1207 2733 1267 illecebris
2771 1215 2889 1266 lio—

1701 1294 1795 1335 mo
1819 1278 2209 1347 abrenuntiat,
2228 1278 2314 1334 vel
2340 1282 2565 1349 quando
2591 1298 2691 1351 per
2706 1282 2890 1353 poeni-

1705 1350 1944 1406 tentiam
1993 1359 2048 1406 et
2086 1350 2504 1407 consessionem
2563 1368 2597 1408 a
2639 1352 2893 1424 peccatis

1664 1423 2041 1498 ‘mundatum
2089 1437 2419 1504 proponens
2476 1424 2630 1492 quod
2684 1426 2756 1481 ab
2810 1424 2895 1480 eis

1706 1494 2013 1550 abstineat.
2038 1494 2248 1562 Qu1,1d
2273 1499 2358 1549 est
2387 1496 2703 1551 immundus
2721 1499 2894 1568 spiri-

1701 1569 1811 1633 tus,
1832 1582 1952 1620 cum
1971 1565 2188 1635 ejectus
2205 1567 2402 1619 eoeierit
2422 1566 2493 1619 ab
2512 1567 2747 1635 homine,
2766 1584 2889 1622 am·

1703 1635 1859 1692 bulat
1871 1653 1974 1708 per
1993 1639 2110 1691 loca
2129 1637 2294 1690 arida
2315 1635 2404 1691 vel
2429 1639 2724 1707 inaquosa,
2751 1637 2892 1709 quia

1701 1707 1874 1762 corda
1924 1708 2212 1791 justorum
2272 1707 2344 1761 ab
2409 1708 2566 1786 omni
2635 1709 2893 1765 carnalis

1701 1777 2171 1847 concuplscentiae
2201 1792 2396 1832 amore
2429 1783 2644 1834 siccata
2675 1787 2733 1835 et
2764 1780 2892 1836 im-

1700 1847 1915 1918 munia,
1973 1847 2245 1903 tentando
2300 1846 2577 1918 explorat,
2628 1865 2893 1919 quaerens

1698 1923 1962 1989 requiem,
2001 1919 2060 1974 id
2095 1924 2199 1988 est,
2236 1917 2284 1973 si
2320 1933 2462 1989 quos
2494 1919 2576 1974 ibi
2604 1920 2890 1992 nequitiae

1704 1990 1823 2046 s'uae
1853 2007 2083 2061 gressus
2102 1991 2279 2061 figere
2312 1989 2524 2060 possit3
2559 1991 2745 2048 sedin
2778 1992 2888 2063 eiS,

1703 2067 1996 2144 tamquam
2035 2079 2138 2134 per
2173 2060 2413 2139 gratiam
2451 2060 2553 2117 Dei
2597 2061 2888 2136 solidatiS,

1698 2149 1958 2204 requiem
1988 2151 2095 2189 non
2124 2136 2335 2189 invenit
2359 2150 2371 2188 :
2396 2132 2549 2204 quia,
2570 2133 2663 2205 qui
2687 2135 2886 2206 pravis

1699 2204 2145 2274 cogitationibus
2169 2210 2225 2261 et
2254 2205 2474 2260 actibus
2504 2205 2785 2276 pascitur,
2819 2205 2883 2262 in

1700 2275 1987 2330 mentibus
2016 2276 2272 2331 fidelium
2307 2275 2502 2331 omnia
2535 2292 2639 2332 sua
2677 2282 2882 2334 tenta-

1700 2351 1892 2401 menta
1919 2362 2142 2402 cessare
2169 2346 2487 2417 perpendit.
2515 2350 2662 2402 Tunc
2681 2348 2883 2405 volens
2977 2360 2984 2367 ⁴

1699 2416 1907 2472 reverti
1933 2416 1998 2472 in
2030 2418 2262 2473 domum
2291 2433 2453 2474 suam
2482 2419 2752 2489 priorem,
2789 2421 2883 2474 di·
2962 2428 2967 2431 ’

1700 2491 1775 2545 cit
1795 2505 1808 2544 :
1831 2492 2095 2546 Revertar
2109 2492 2167 2545 in
2183 2490 2401 2545 domum
2416 2506 2609 2551 meam,
2626 2491 2773 2547 unde
2787 2507 2886 2548 eoe-
2923 2500 2933 2516 ·

1700 2563 1783 2616 ivi
1808 2580 1825 2616 .·
1852 2565 2118 2633 peccator
2142 2561 2295 2618 enim
2325 2566 2412 2618 est
2443 2562 2646 2618 domus
2676 2561 2883 2620 diabo-

1700 2630 1762 2702 li,
1780 2634 1926 2688 sicut
1932 2634 1954 2705 j
1963 2642 2123 2690 ustus
2143 2633 2418 2706 templum
2435 2631 2641 2689 Dei.Et
2658 2637 2886 2691 veniens

1698 2706 1910 2760 invenit
1937 2721 2055 2759 eam
2084 2711 2369 2761 vacantem
2394 2721 2429 2761 a
2452 2704 2617 2761 bonis
2635 2705 2883 2777 actibus,

1698 2790 1801 2846 per
1852 2775 2283 2847 negligentiam,
2316 2784 2372 2833 et
2410 2779 2588 2847 scopis
2626 2778 2881 2833 munda—

1698 2851 1833 2914 tam,
1851 2844 1911 2901 id
1932 2852 2065 2904 esta
2086 2848 2350 2908 sordibus
2364 2847 2654 2919 vitiorum,
2678 2864 2883 2905 secun·
2917 2889 2934 2904 .

1697 2917 1833 2975 dum
1851 2918 2275 2991 apparentiam3
2299 2925 2350 2975 et
2370 2924 2623 2976 ornatam
2645 2918 2885 2977 simula-

1696 2988 1771 3045 tis
1800 2988 2127 3061 virtutibuS,
2160 2991 2376 3048 scilicet
2406 2990 2785 3048 exterioribus
2825 2999 2908 3049 et·

1697 3063 2125 3133 apparentibus,
2152 3080 2271 3119 non
2301 3062 2670 3119 interioribus
2701 3069 2758 3118 et
2787 3079 2885 3119 ve-

1697 3133 1795 3188 riS.
1828 3136 1976 3188 Tunc
1999 3136 2177 3203 vadit,
2197 3140 2248 3189 et
2261 3139 2496 3189 assumit
2511 3136 2654 3189 alios
2671 3139 2884 3205 septem

1694 3206 1928 3272 spiritus
1962 3208 2248 3273 nequiores
2291 3221 2366 3265 se,
2396 3206 2451 3259 id
2484 3211 2567 3259 est
2604 3204 2884 3262 universa.

1695 3272 1830 3327 vitia
1860 3272 2086 3328 diabolo
2117 3274 2414 3343 nequiora,
2448 3273 2582 3343 quia
2609 3274 2882 3338 diabolus

1693 3344 1879 3397 solum
1909 3344 2163 3413 suggerit
2205 3344 2436 3411 malum,
2470 3342 2700 3399 habitus
2759 3364 2880 3405 au-

1693 3422 1806 3468 tem
1835 3412 2020 3467 vitiosi
2054 3414 2296 3469 intranei
2317 3430 2446 3469 cum
2476 3414 2726 3485 quadam
2759 3419 2880 3476 vio-

1691 3482 1866 3537 lentia
1895 3485 1965 3537 ad
1997 3483 2207 3539 malum
2233 3485 2512 3541 inclinant
2537 3508 2548 3552 ;
2591 3491 2644 3540 et
2664 3490 2880 3556 inares-

1690 3557 1741 3608 si
1781 3555 2036 3610 habitunt
2068 3556 2169 3623 ibi,
2204 3555 2421 3613 scilicet
2462 3556 2521 3612 in
2562 3557 2756 3615 anima
2785 3577 2877 3618 va-

1691 3634 1853 3680 cante
1883 3635 1940 3679 et
1964 3629 2228 3697 torpente
2255 3647 2265 3683 :
2299 3645 2333 3684 a
2360 3633 2444 3685 tot
2475 3627 2627 3685 enim
2659 3630 2874 3688 daemo-

1694 3697 1857 3777 uibus
1875 3697 2045 3752 homo
2064 3701 2409 3769 possidetur,
2426 3707 2558 3770 quot
2577 3700 2876 3758 vitiissub·

1683 3768 1910 3838 jicitur3
1933 3769 2171 3841 singulis
2189 3775 2340 3828 enim
2368 3772 2517 3828 vitiis
2539 3771 2741 3843 singull
2764 3775 2876 3829 dae-

1690 3855 1908 3920 mones
1931 3846 2178 3913 utsupra
2198 3843 2410 3899 dictum
2428 3849 2533 3909 est,
2556 3843 2870 3915 praesidere

1690 3912 1971 3968 dicuutur.
2016 3917 2087 3968 Et
2121 3918 2262 3984 fiunt
2292 3918 2593 3971 novissima
2628 3918 2868 3971 hominis

1685 3985 1843 4063 ‘illius
1871 3984 2066 4053 pejora
2091 3988 2393 4055 prioribu3‚
2422 3994 2478 4041 et
2500 3987 2607 4042 hoc
2631 3992 2866 4057 propter

1686 4055 2155 4125 ingratitudinem
2185 4058 2317 4114 doni
2341 4068 2395 4113 et
2424 4059 2623 4128 gratiae
2645 4073 2861 4128 praece-

1686 4125 1873 4181 dentis
1917 4143 1930 4181 :
1971 4131 2237 4197 graviora
2271 4129 2425 4185 enim
2459 4133 2589 4185 suut
2618 4127 2861 4185 crimina

1682 4202 1812 4267 post
1866 4198 2235 4269 Baptismum,
2287 4204 2372 4256 vel
2424 4199 2816 4273 poenitentiam
2841 4217 2855 4269 ;

1655 4268 1821 4338 -quia
1855 4271 2054 4327 melius
2088 4276 2188 4344 est,
2218 4272 2277 4329 id
2305 4275 2392 4330 est
2418 4270 2607 4330 minus
2642 4271 2856 4329 malum
