3146 5023
813 390 894 443 DE
946 388 1368 445 RnFssc'rioitss
1420 390 1716 452 QUINQUE
1766 389 2057 444 nutum
2111 387 2446 444 nonnum.

389 502 558 555 ctum
586 512 713 555 esse
738 497 1081 554 ostenderet.
1110 495 1328 555 Deinde
1359 496 1564 566 oravit,

392 567 557 628 Patri
609 568 825 640 gratias
875 584 1072 640 agens,
1127 573 1192 625 ut
1237 569 1567 626 ostenderet

395 645 683 713 quantum
712 641 784 697 de
821 639 1034 696 nostris
1061 639 1409 712 profectibus
1434 655 1564 711 gra-

391 712 629 780 tuletur,
661 717 738 780 et,
769 711 1080 768 secundum
1105 712 1563 780 chrysostomum,

390 788 462 841 ut
498 784 832 839 informaret
871 798 977 840 nos
1012 781 1088 839 ad
1133 782 1388 855 agendas
1415 798 1563 839 sem-

396 868 505 928 per
558 856 673 911 Deo
711 851 947 926 gratias,
981 869 1113 911 cum
1145 854 1236 911 vel
1285 853 1348 909 in
1395 869 1566 910 carne

389 923 704 995 reficimur,
731 925 819 981 vel
848 924 909 981 in
933 924 1161 994 anima;
1187 931 1245 983 et
1272 941 1389 981 non
1411 924 1567 997 prius

388 999 637 1067 tangere
662 1012 941 1066 mensam,
971 996 1155 1053 donec
1190 996 1406 1068 gratias
1432 1012 1565 1068 ege-

396 1067 578 1126 rimus
608 1067 682 1137 ei,
710 1067 808 1139 qui
840 1068 1030 1125 cibum
1055 1068 1210 1124 hunc
1233 1069 1401 1125 nobis
1425 1083 1568 1139 prae·

397 1138 542 1209 buit,
583 1144 643 1195 et
680 1140 779 1195 dat
823 1137 988 1195 nobis
1015 1154 1192 1195 escam
1228 1143 1289 1195 in
1330 1145 1568 1210 tempore

393 1216 720 1282 opportuno.
754 1209 1027 1267 Similiter
1051 1210 1244 1280 etiam,
1259 1212 1565 1280 benedixit,

396 1286 462 1339 ut
509 1297 614 1339 sua
666 1281 1068 1339 benedictione
1130 1281 1569 1354 multiplicaren-

404 1356 528 1419 tur;
559 1352 642 1409 sic
672 1352 825 1409 enim
849 1352 910 1408 in
950 1351 1233 1435 principio
1262 1352 1567 1409 creationis

399 1437 616 1491 rerum,
637 1424 898 1480 omnibus
910 1428 1184 1481 creaturis
1198 1424 1564 1495 benedicenS,

398 1494 637 1551 contulit
673 1494 786 1550 illis
831 1495 1150 1552 naturalem
1178 1495 1468 1564 virtutem,
1504 1500 1568 1553 ut

403 1579 472 1621 ex
500 1580 563 1621 se
596 1565 835 1623 invicem
871 1567 1207 1624 naturaliter
1234 1567 1569 1639 multiplica-

399 1641 623 1705 rentur,
651 1638 813 1709 cujus
840 1637 1238 1695 benedictione
1267 1639 1441 1696 semel
1469 1654 1565 1696 ac-

398 1710 582 1778 cepta,
613 1724 793 1790 usque
834 1709 1004 1766 hodie
1056 1708 1398 1767 fructificare
1450 1727 1566 1767 non

403 1785 629 1858 cessant
653 1796 668 1848 ;
699 1795 757 1835 in
778 1796 890 1851 quo
919 1781 1017 1837 dat
1044 1781 1384 1853 exemplum,
1415 1781 1568 1853 quod

403 1863 465 1904 in
505 1850 780 1922 principio
811 1868 1027 1910 mensae
1055 1853 1330 1911 debemus
1361 1868 1566 1925 panem

391 1919 511 1977 Deo
539 1922 768 1991 offerre,
794 1929 851 1980 et
894 1923 1346 1981 benedictionem
1368 1940 1565 1996 super-

393 2005 528 2048 nam
587 2009 758 2065 supei·
806 1994 994 2066 ipsum
1038 1994 1263 2063 elicere,
1310 2000 1367 2053 et
1454 1996 1568 2052 uod

402 2076 517 2118 non
542 2063 817 2122 debemus
855 2066 930 2123 ad
966 2081 1228 2122 mensam
1274 2082 1373 2123 acc
1447 2083 1566 2135 ere,

399 2132 489 2189 vel
514 2135 699 2214 cibum
729 2152 975 2205 sumere,
1006 2136 1115 2193 nisi
1145 2136 1439 2208 praemissa
1469 2140 1568 2195 be-

398 2202 734 2263 nedictione.
779 2211 848 2264 Et
889 2207 1057 2264 istam
1093 2208 1567 2277 benedictionem,

398 2279 461 2332 ut
490 2278 755 2346 creditur,
786 2279 1043 2337 Christus
1066 2279 1356 2351 aliquibus
1380 2279 1571 2335 verbis

398 2349 696 2419 expressit,
726 2350 935 2421 quibus
973 2356 1292 2408 creaturam
1337 2356 1393 2408 et
1436 2368 1568 2408 san-

400 2418 690 2488 ctificavit,
737 2428 794 2477 et
839 2421 1266 2495 multiplicavit3
1309 2423 1410 2479 sed
1444 2439 1570 2494 quae

410 2487 510 2547 illa
555 2493 732 2549 verba
766 2492 996 2564 suerint,
1041 2493 1412 2566 Evaiigelistae
1457 2511 1571 2552 non

407 2567 649 2687 fionunt,
690 2563 821 2633 quia
853 2565 998 2621 forte
1027 2572 1241 2623 secrete
1281 2583 1352 2623 ea
1382 2571 1575 2639 protu-

456 2637 496 2713 t.
524 2636 598 2688 Et
625 2637 819 2703 freqit,
849 2634 910 2691 in
938 2652 1165 2706 grossas
1205 2645 1415 2709 parteS,
1455 2654 1571 2694 non

411 2703 582 2760 scidit
618 2720 723 2776 per
773 2705 1063 2776 minutias,
1095 2712 1156 2763 ut
1191 2725 1297 2765 nos
1343 2710 1572 2766 doceret

483 2791 615 2831 nem
643 2784 904 2835 nostrum
949 2780 1213 2850 frangere
1253 2780 1483 2848 debere,
1515 2786 1572 2837 et

446 2862 543 2927 are
611 2848 950 2920 auperibus;
985 2856 1043 2907 et
1083 2849 1166 2907 sic
1200 2851 1571 2923 multiplicata

406 2922 491 2972 est
523 2917 560 2971 il
585 2935 620 2973 a
650 2920 906 2989 materia,
938 2921 1088 2978 inter
1121 2938 1323 2979 manus
1365 2922 1571 2978 Christi

397 2985 709 3067 frangentis
730 3013 743 3046 ι
767 2992 901 3061 quia
921 2993 1029 3049 hoc
1051 2993 1227 3049 tiebat
1251 2994 1457 3049 virtute
1477 2994 1572 3049 de-

396 3061 575 3128 itatis,
610 3061 770 3131 cujus
810 3079 1090 3133 organum
1127 3068 1184 3119 et
1222 3061 1568 3120 instrumen-

398 3131 519 3185 tum
559 3136 648 3187 est
687 3133 1010 3192 humanitas
1054 3135 1197 3206 eJuS.
1249 3136 1570 3192 Secundum

397 3201 857 3270 chrysostomum,
914 3206 1173 3263 Christus
1234 3206 1572 3278 multiplicat

397 3286 574 3344 paiies
622 3280 681 3331 et
731 3277 937 3347 pisces,
986 3277 1060 3334 ad
1105 3276 1567 3348 significandum,

398 3344 548 3414 quod
577 3349 694 3402 tam
722 3347 887 3417 mari,
912 3364 1086 3419 quam
1105 3348 1284 3406 aridae
1309 3349 1567 3407 domina-

333 3441 344 3451 ·
395 3418 515 3497 tur.
526 3418 713 3486 Freqit
726 3435 885 3489 ergo,
905 3424 963 3476 et
977 3420 1289 3491 frangendo
1307 3421 1572 3492 multipli-

396 3492 543 3544 cavit
561 3505 576 3556 ;
596 3490 859 3560 deditque
874 3492 1019 3547 disci
1097 3494 1169 3548 lis
1192 3495 1331 3562 suis,
1355 3492 1571 3549 scilicet

397 3574 576 3633 panes
609 3565 663 3616 et
698 3562 885 3632 pisces
917 3578 1015 3619 mu
1039 3561 1341 3634 tiplicatos‚
1371 3569 1430 3621 ut
1464 3580 1568 3636 po-

402 3636 608 3687 nerent
635 3638 767 3688 ante
807 3634 1026 3702 turbas,
1056 3633 1117 3690 in
1151 3633 1374 3707 signum
1416 3635 1571 3707 quod

406 3701 543 3759 data
563 3707 695 3758 sunt
713 3704 1048 3775 temporalia
1061 3706 1573 3788 praelatiS,propter

398 3787 680 3844 pauperes
704 3776 1050 3847 pascend0s;
1074 3783 1133 3834 et
1160 3777 1241 3834 sic
1268 3793 1372 3850 pei·
1399 3776 1570 3842 dispi-

453 3843 579 3924 iilos
607 3844 913 3917 distribuit,
938 3847 999 3905 id
1029 3853 1115 3906 est
1149 3848 1411 3905 distribui
1442 3847 1577 3905 fecit

469 3916 890 3977 scumbenlibus
920 3942 935 3973 e
964 3919 1217 3978 officium
1246 3918 1399 3976 enim
1427 3935 1575 3991 prae-

401 3984 504 4044 lati
534 3992 620 4043 est
646 3988 994 4059 ministrare,
1017 3997 1074 4048 et
1095 4007 1213 4049 non
1241 3989 1573 4047 ministrari.

479 4061 515 4115 6
543 4059 825 4117 Duonscni
862 4079 1078 4120 corium
1104 4080 1173 4120 nu
1199 4079 1467 4125 annonas
1498 4079 1584 4118 ni-

412 4145 586 4188 rmi.
615 4160 682 4173 —-
706 4134 866 4214 ipsos
892 4137 1085 4190 autem
1110 4150 1288 4206 panes
1316 4142 1373 4190 et
1395 4135 1580 4206 pisces

419 4199 694 4282 Dominus
722 4213 803 4260 ila
830 4204 1248 4277 multiplicavit,
1292 4209 1354 4260 ut
1382 4219 1582 4260 omnes

408 4285 519 4397 pro
551 4270 719 4330 libitu
748 4291 856 4332 suo
894 4276 1278 4343 comederent,
1316 4279 1374 4331 et
1404 4277 1584 4332 multa

436 4351 736 4414 tagmenta
791 4352 1149 4420 superarent.
1195 4346 1354 4405 Unde
1389 4348 1580 4418 sequi—

2755 392 2851 448 167

1671 500 1769 553 tui·
1798 513 1812 555 z
1850 498 1921 552 Ut
1948 498 2131 551 autem
2154 496 2371 566 impleti
2389 501 2540 562 sunt,
2557 498 2693 570 quia
2718 514 2838 559 om-

1675 581 1778 625 nes
1806 566 2291 622 manducaverunt
2316 573 2376 623 et
2407 570 2649 627 saturati
2686 578 2820 630 sunt

1675 637 1832 711 quod
1846 634 2131 717 significat
2144 637 2435 720 coelestem
2451 615 2844 715 refectionem:

1677 711 1734 766 in
1754 724 1871 782 qua
1887 709 2078 764 Sancti
2097 706 2265 778 plene
2283 714 2584 778 satiantur,
2600 715 2846 773 dixitJe-

1674 798 1773 838 sus
1798 780 2091 849 discipulis
2117 780 2258 834 suis:
2282 781 2534 850 Colliqite
2548 801 2670 854 quae
2688 802 2848 859 supe·

1674 854 1937 909 rauci-unt
1954 853 2271 918 fracmenta
2290 852 2441 908 unde
2470 853 2660 911 cibum
2679 873 2846 929 egen-

1675 923 1827 980 tibus
1851 922 2211 994 praeberent;
2242 937 2356 978 non
2383 925 2464 980 sic
2492 925 2650 983 dives
2677 929 2845 999 epulo

1675 995 1833 1066 fecit,
1859 995 2020 1065 cujus
2046 991 2316 1063 reliquias
2341 1010 2536 1066 canes,
2563 1014 2678 1055 non
2706 1014 2845 1070 pau·

1676 1083 1857 1138 peres,
1891 1064 2286 1132 comedebant,
2326 1068 2416 1122 cui
2461 1068 2633 1125 hodie
2679 1071 2847 1130 multi

1673 1143 1806 1194 sunt
1831 1134 2064 1200 similes,
2078 1135 2227 1191 idem
2247 1135 2336 1191 vel
2358 1138 2518 1209 peJus
2546 1139 2838 1202 facientes.

1677 1212 1742 1266 In
1793 1210 1901 1265 hoc
1962 1206 2171 1288 quippe
2208 1207 2362 1278 quod
2407 1210 2633 1267 turbam
2666 1216 2844 1287 pavit,

1677 1281 1836 1337 dedit
1875 1279 2040 1336 nobis
2093 1277 2434 1350 exemplum,
2475 1285 2537 1337 ut
2578 1286 2848 1354 operibus

1677 1351 2087 1408 misericordia}
2150 1347 2478 1407 insistamus
2525 1370 2541 1421 3
2603 1360 2659 1411 et
2714 1355 2849 1415 licet

1676 1424 1787 1480 hoc
1803 1422 1878 1478 sit
1903 1422 2275 1489 laboriosum,
2301 1424 2493 1479 tamen
2507 1428 2591 1480 est
2608 1428 2848 1486 multum

1676 1495 2057 1552 fructuosum.
2100 1492 2443 1561 Colleqerunt
2488 1510 2621 1565 erqo
2667 1504 2720 1554 et
2755 1502 2855 1556 im·

1678 1568 1987 1636 pleverunt,
2019 1565 2091 1621 de
2123 1563 2401 1634 reliquiiS,
2432 1567 2717 1625 duodecim
2763 1587 2848 1628 co—

1672 1639 1893 1709 phinos,
1926 1638 2035 1692 hoc
2057 1638 2144 1690 est
2173 1650 2406 1705 magnas
2444 1646 2686 1710 sportaS,
2718 1657 2847 1712 quae

1678 1706 1910 1764 circulis
1936 1722 2039 1779 per
2063 1721 2208 1776 quos
2223 1706 2459 1765 brachia
2487 1711 2844 1784 inseruntur,

1677 1779 1738 1836 in
1750 1780 1921 1836 dorso
1937 1781 2262 1848 portantum
2286 1780 2674 1852 unusquisque
2690 1785 2846 1842 enim

1675 1850 2073 1923 Apostolorum
2098 1847 2293 1918 implet
2320 1851 2625 1919 cophinum
2653 1870 2843 1926 suum,

1676 1930 1741 1979 ut
1758 1919 2013 1993 quolibet
2035 1934 2433 2001 eorum·unum
2456 1938 2630 1994 super
2657 1925 2852 1983 hume·

1676 2009 1804 2051 rum
1836 1994 2195 2064 apportante,
2234 1992 2522 2050 ineffabile
2566 1994 2852 2054 videretur

1680 2064 2036 2120 miraculum.
2074 2063 2179 2119 Hic
2231 2063 2455 2120 Domini
2511 2067 2851 2126 miraculum

1679 2140 2110 2207 augmentatum
2161 2136 2250 2189 est
2285 2151 2300 2204 ς
2363 2151 2634 2205 magnum
2693 2141 2849 2197 enim

1682 2206 2021 2263 miraculum
2050 2208 2221 2275 esset,
2240 2205 2287 2261 si
2308 2206 2381 2262 de
2403 2206 2654 2288 quinque
2679 2212 2853 2291 pani·

1683 2280 1789 2336 bus
1828 2285 1885 2334 et
1922 2277 1994 2333 de
2032 2277 2253 2336 duobus
2292 2276 2560 2348 piscibus,
2598 2295 2854 2352 quinque

1683 2349 1939 2406 millibus
1963 2349 2257 2408 hominum
2287 2350 2529 2417 satiatis,
2547 2350 2625 2407 nil
2652 2368 2855 2424 super-

1683 2426 1877 2492 esset3
1910 2426 1970 2477 at
1996 2421 2226 2493 signum
2264 2421 2444 2478 crevit
2472 2424 2634 2493 juxta
2680 2424 2857 2482 admi-

1683 2496 1989 2563 rationem,
2029 2493 2163 2566 quia
2219 2509 2334 2553 non
2371 2495 2555 2552 solum
2595 2494 2851 2568 quinque

1684 2565 1862 2622 millia
1891 2567 2190 2622 hominum
2219 2566 2408 2623 satiati
2440 2571 2592 2635 sunt,
2620 2569 2721 2624 sed
2753 2569 2855 2625 eti-

1683 2653 1777 2694 am
1796 2639 1879 2692 tot
1904 2637 2224 2708 fragmenta
2253 2644 2673 2708 remanserunt,
2700 2639 2851 2695 unde

1683 2708 1985 2766 duodecim
2022 2707 2251 2778 cophini
2299 2708 2671 2779 replerentur.
2726 2709 2851 2767 Hoc

1681 2796 1819 2907 {³¹³⁵}
1859 2781 2053 2908 ⁰⁰³3.
2081 2778 2549 2907 ahili-‘¹333
2590 2780 2853 2908 miffiug

1705 2869 1792 2908 aci
1822 2897 1837 2920 ,
1939 2868 1973 2906 u
2305 2869 2334 2907 e
2551 2896 2565 2917 ‚
2650 2869 2679 2906 u

1684 2868 1962 2994 principio
1987 2867 2217 2988 fuit.pEt,
2236 2923 2547 2978 secundum
2560 2868 2849 2992 effi-illum,

1682 2995 1792 3050 hoc
1820 2993 2033 3048 factum
2065 2997 2172 3059 est,
2210 2998 2271 3047 ut
2326 2990 2459 3046 hinc
2487 2996 2634 3047 esset
2663 2992 2852 3051 mani-

1684 3066 1829 3121 festa
1857 3061 2214 3131 certificatio,
2246 3060 2399 3133 quod
2428 3076 2571 3131 opus
2596 3064 2849 3121 caritatis

1685 3138 1742 3192 in
1789 3133 2095 3217 proximos,
2130 3133 2365 3189 uberem
2394 3132 2652 3189 vendicet
2681 3136 2849 3193 retri-

1683 3209 1975 3265 butionem
2004 3221 2040 3261 a
2065 3207 2216 3275 De03
2240 3210 2320 3274 et,
2348 3204 2662 3261 secundum
2688 3208 2852 3265 Theo-

1723 3280 2020 3348 hylactnm,
2036 3281 2101 3334 ut
2126 3276 2546 3334 addisceremus
2573 3284 2852 3348 quantum

1677 3297 2049 3422 'hospitalitas
2086 3354 2291 3419 potest,
2333 3354 2391 3405 et
2432 3354 2710 3421 quantum
2756 3366 2854 3407 au·

1692 3429 1900 3504 genitur
1924 3427 2138 3490 nostra,
2170 3419 2697 3493 cumindigentibus
2720 3422 2853 3478 sub·

1679 3510 1956 3551 venimus.

1750 3588 1781 3638 7
1812 3567 2113 3622 Anauni-10
2140 3581 2348 3621 mann.
2389 3595 2460 3606 —
2485 3565 2582 3621 Illi
2603 3580 2731 3632 erqo
2752 3565 2854 3620 ho-

1688 3641 1882 3702 mines,
1913 3635 2133 3707 aliquid
2164 3635 2238 3693 de
2283 3635 2504 3691 ratione
2553 3635 2856 3700 habentes,

1686 3724 1810 3764 cum
1824 3708 2114 3773 vidissent,
2134 3705 2445 3776 potentiam
2476 3703 2728 3759 divinam
2749 3719 2856 3776 per

1686 3778 1955 3835 effectum
1987 3777 2313 3857 probatam,
2351 3775 2499 3854 quod
2532 3776 2741 3855 fecerat
2776 3776 2855 3831 si·

1685 3864 1880 3916 qnam,
1927 3847 2067 3902 alias
2104 3862 2224 3902 non
2284 3847 2563 3914 auditum,
2625 3860 2687 3900 in
2740 3860 2855 3926 quo

1685 3917 1946 3990 probavit
1995 3932 2058 3972 se
2113 3931 2235 3971 esse
2292 3917 2474 3971 Deum
2498 3956 2513 3983 ,
2574 3915 2710 3986 quia
2759 3915 2859 3973 illa

1686 3985 2079 4060 multiplicatio
2108 4001 2208 4055 per
2230 3985 2494 4041 Elisaeum
2512 3985 2680 4054 facta,
2713 3986 2856 4042 mul-

1689 4068 1810 4117 tum
1838 4057 2144 4114 deficiebat
2165 4057 2239 4112 ab
2264 4058 2403 4125 ista3
2435 4057 2709 4122 dicebant,
2734 4070 2856 4114 ma·

1690 4130 2030 4203 gnificantes
2061 4129 2239 4184 Deum
2273 4145 2287 4184 t
2326 4129 2471 4195 Quia
2510 4129 2600 4184 hic
2631 4133 2712 4185 est
2737 4144 2861 4185 vere

1692 4197 2123 4273 Prophetajmo,
2138 4199 2448 4256 secundum
2458 4201 2859 4271 Aucus-tinum,

1691 4275 1707 4329 i
1751 4289 1813 4329 se
1862 4269 2136 4328 Dominus
2171 4272 2603 4343 Prophetarum,
2641 4271 2712 4328 de
2744 4287 2860 4343 quo

1690 4289 1832 4403 ciixit
1866 4346 2089 4416 Moyses
2130 4359 2145 4400 ε
2185 4344 2515 4415 Prophetam
2567 4344 2863 4404 suscitabit
