3146 5023
670 456 752 509 DE
805 456 1109 511 MULIERE
1166 457 1383 511 vomui
1440 459 1520 512 DE
1579 459 1802 514 TURBA
1857 459 2316 525 EXTOLLENTE,
2374 459 2520 513 ETC.
2746 460 2834 517 231

364 563 683 638 parvulum,
728 566 864 637 quia
907 567 1029 638 eJ'us
1074 566 1390 623 absentiam
1419 584 1534 624 non

363 638 696 705 sustinebat,
726 638 942 694 scilicet
1048 639 1198 695 ando
1228 655 1357 695 eum
1397 640 1537 696 ami-

364 717 548 777 serat3
603 711 897 793 quaerebat
939 727 974 766 a
1015 711 1214 779 ultum,
1252 711 1387 782 quia
1415 712 1537 781 ejus

363 788 672 854 praesentia
709 781 905 838 satiari
931 798 1044 837 non
1080 785 1324 851 poterat,
1358 788 1421 838 ut
1445 784 1538 839 hic

360 859 518 924 patet
530 871 547 921 3
598 855 887 925 quaerebat
949 853 1275 936 Magistrum
1323 854 1535 911 factum

359 924 581 981 scilicet
604 924 953 993 crucifixum,
970 940 1101 996 quia
1114 925 1236 996 ,iam
1253 926 1374 997 ejus
1398 942 1538 997 prae·

359 997 603 1052 sentiam
633 997 953 1065 amittebat,
973 999 1200 1067 quando
1217 998 1391 1067 juaeta
1419 1015 1535 1053 cru·

358 1083 469 1123 cem
490 1100 494 1105 -
517 1068 721 1124 stabat.
782 1070 890 1124 Sed
950 1067 1166 1123 invenit
1221 1068 1426 1137 prium,
1477 1069 1536 1124 in

356 1138 544 1195 medio
563 1139 857 1196 doctorum
876 1139 1345 1211 interrogantem,
1360 1157 1533 1209 nunc,

359 1210 415 1264 in
474 1210 663 1266 medio
718 1212 1059 1282 populorum
1108 1212 1532 1277 praedicantem,

360 1281 583 1350 ultimo,
622 1281 682 1337 in
737 1282 923 1339 medio
972 1284 1257 1339 latronum
1314 1285 1534 1353 patien-

356 1357 510 1420 tem;
552 1354 759 1423 primo,
806 1356 863 1410 in
898 1354 1130 1425 templo,
1168 1356 1437 1421 secundo,
1477 1354 1532 1409 in

358 1423 753 1494 dom0,tertio,
781 1424 836 1480 in
861 1425 1136 1496 patibulo.
1168 1425 1248 1481 lbi
1275 1424 1536 1496 cupiebat

356 1492 634 1564 invenire,
666 1501 723 1551 et
755 1497 879 1552 ideo
904 1497 1198 1554 laborabat
1227 1503 1281 1553 et
1312 1497 1536 1552 dolebat

356 1566 416 1621 in
469 1568 799 1637 quaerendo
832 1567 1065 1635 Filium3
1127 1568 1219 1623 hic
1275 1567 1537 1639 cupiebat

356 1636 572 1707 videre,
591 1642 647 1693 et
675 1638 803 1694 ideo
831 1640 1017 1695 stabat
1047 1639 1185 1694 foris
1208 1645 1532 1710 exspectan-

357 1709 430 1765 do
461 1710 583 1791 ejus
611 1714 901 1780 aspectum
926 1729 939 1777 ;
971 1711 1046 1767 ibi
1076 1710 1338 1781 cupiebat
1365 1710 1533 1767 simul

357 1780 634 1853 crucifigi,
668 1785 725 1837 et
755 1781 885 1838 ideo
913 1783 1099 1839 stabat
1121 1783 1281 1852 juxta
1305 1798 1532 1838 crucem

356 1868 528 1922 usque
560 1853 631 1907 ad
670 1852 844 1909 finem
884 1870 1069 1914 suum.
1105 1856 1268 1911 Jesus
1313 1858 1527 1924 autem,

354 1924 426 1979 ad
450 1923 877 1994 requisitionem
908 1925 1104 1981 matris
1120 1930 1369 1993 vocatus,
1390 1941 1529 1995 prae-

357 1994 664 2051 dicationis
715 1995 987 2065 officium,
1045 2001 1278 2068 propter
1332 1996 1528 2051 matris

355 2066 641 2129 affectum,
676 2067 810 2122 licet
839 2084 963 2123 eam
996 2084 1214 2124 summe
1244 2067 1524 2137 diligeret,

357 2142 414 2195 et
449 2139 781 2205 honoraret,
815 2138 1157 2210 relinquere.
1211 2139 1297 2195 vel
1340 2138 1527 2193 inter—

355 2224 624 2277 rumpere
662 2209 844 2265 noluit
878 2228 891 2265 :
924 2213 1057 2279 quia
1086 2210 1369 2267 nobiliora
1396 2214 1529 2266 sunt

357 2296 531 2351 opera
558 2279 964 2337 misericordiae
991 2280 1321 2351 spiritualis,
1357 2297 1528 2352 quam

354 2351 694 2421 corporalis:
719 2356 777 2408 et
796 2352 1013 2409 utilitas
1033 2356 1232 2409 matris
1264 2354 1528 2409 Ecclesiae

351 2423 710 2495 praeferenda
751 2425 836 2479 est
875 2424 1100 2480 utilitati
1154 2428 1349 2481 matris
1383 2441 1528 2496 pro-

352 2494 511 2566 priae.
548 2496 612 2550 ln
652 2511 763 2567 quo
791 2495 976 2553 fervor
1006 2495 1211 2553 Christi
1243 2496 1522 2569 apparuit,

353 2582 521 2638 quem
578 2567 637 2621 in
678 2567 1040 2638 praedicando
1087 2567 1305 2624 habuit.
1367 2570 1526 2625 Unde

350 2637 689 2694 insidiantes
735 2638 1063 2705 confutavit,
1108 2644 1164 2695 et
1213 2638 1377 2709 sicut,
1430 2641 1525 2710 qui

352 2709 501 2765 intus
530 2725 762 2780 pravam
783 2709 1161 2767 intentionem
1186 2710 1347 2779 vidit,
1371 2709 1525 2767 mali-

352 2796 527 2851 gnum
557 2797 753 2837 eorum
781 2783 1084 2837 verborum
1110 2782 1528 2838 rationabiliter

350 2852 589 2921 repulit3
652 2854 957 2908 ostendens
1011 2853 1163 2924 quod
1216 2853 1523 2923 spiritualis

354 2923 651 2992 occupatio
678 2923 998 2979 carnalibus
1026 2923 1439 2991 affectionibuS,
1471 2929 1527 2981 et

352 3006 492 3063 opus
524 2991 623 3048 Dei
655 2992 899 3064 negotiis
929 2993 1294 3050 familiarium
1326 3010 1522 3067 perso-

352 3079 578 3131 narum,
593 3064 847 3135 praeponi
869 3064 1055 3122 debet.
1070 3066 1148 3121 At
1168 3068 1286 3137 ipse
1306 3083 1523 3137 respon-

350 3136 485 3192 dens
513 3136 722 3191 dicenti
755 3136 885 3203 sibi,
916 3138 999 3191 ait
1031 3155 1042 3193 :
1078 3137 1205 3204 Quae
1233 3142 1313 3192 est
1352 3143 1526 3193 mater

348 3210 507 3263 mea?
546 3211 598 3262 et
636 3210 735 3277 qui
783 3212 913 3262 sunt
938 3209 1146 3276 fratres
1182 3211 1325 3263 mei?
1367 3211 1443 3266 Ac
1479 3209 1525 3265 si

348 3279 565 3335 diceret
593 3277 760 3334 matri
787 3283 845 3334 et
872 3279 1170 3350 proximis:
1196 3281 1395 3336 Nescio
1426 3296 1525 3336 vos

347 3349 406 3406 in
428 3366 600 3420 opere
621 3349 936 3422 spirituali;
967 3360 1022 3406 et
1045 3350 1228 3408 Patris
1253 3350 1359 3406 mei
1387 3368 1526 3421 prae-

348 3422 556 3478 dicatio
586 3438 698 3477 non
732 3427 820 3478 est
848 3428 1080 3494 propter
1108 3439 1204 3478 vos
1233 3422 1522 3479 dimitten-

347 3493 439 3561 da,
471 3509 571 3550 seu
603 3495 774 3550 etiam
808 3495 1297 3564 interrumpenda.

417 3569 448 3619 5
472 3566 629 3621 Axon
658 3583 986 3622 spmrrUALIs
1010 3582 1402 3623 PRAEFEnnNnus
1430 3582 1523 3620 EST

347 3652 593 3691 ennam.
626 3667 682 3676 —
707 3639 798 3698 Et,
827 3639 980 3706 quasi
1001 3641 1071 3693 ad
1093 3635 1523 3708 protestandum

347 3705 668 3768 veritatem,
699 3708 998 3762 extendens
1021 3724 1219 3763 manus
1253 3711 1313 3763 in
1343 3709 1526 3763 disci—

273 3844 279 3850 ,
340 3779 509 3903 {ulos
553 3792 679 3832 suos
709 3779 805 3849 qui
838 3776 897 3833 in
927 3777 1164 3834 circuitu
1195 3778 1320 3848 ejus
1350 3779 1525 3835 sede—

274 3909 278 3914 ,
390 3850 508 3916 ant,
549 3849 700 3904 dixit
733 3852 901 3905 :Ecce
936 3854 1112 3904 mater
1142 3865 1283 3917 mea,
1314 3849 1525 3905 scilicet

347 3917 404 3975 hi
435 3920 531 3990 qui
561 3934 651 3975 me
677 3919 736 3975 in
765 3935 867 3976 suo
896 3920 1064 3977 corde
1091 3919 1440 3991 concipiunt,
1468 3927 1523 3977 et

348 4006 438 4046 me
487 4005 588 4061 per
643 3991 1108 4061 praedicationem
1154 3991 1214 4047 in
1254 3993 1524 4048 cordibus

345 4059 674 4118 auditorum
724 4062 955 4134 pariunt
980 4082 991 4127 ς
1043 4070 1094 4120 et
1146 4066 1351 4131 fratres
1395 4067 1520 4132 mei,

345 4135 442 4204 qui
473 4151 504 4186 o
549 4147 646 4188 era
681 4134 863 4190 Patris
893 4134 1003 4190 mei
1026 4135 1263 4204 faciunt,
1297 4144 1353 4191 et
1383 4134 1523 4190 mihi

339 4203 401 4260 in
432 4220 515 4261 coe
541 4223 572 4259 o
600 4206 911 4262 coheredes
941 4214 1130 4263 erunt.
1162 4206 1333 4274 Quasi
1367 4208 1522 4263 dice-

342 4279 431 4332 ret
450 4287 476 4331 ¹:
509 4277 572 4331 ln
604 4283 827 4334 tantum
867 4284 954 4334 est
989 4277 1126 4334 mihi
1158 4278 1365 4362 aliquis
1396 4294 1520 4347 pro-

341 4349 608 4419 pinquuS,
636 4347 692 4405 in
723 4356 999 4421 quantum
1023 4357 1108 4407 est
1133 4350 1524 4423 spiritualibus

343 4418 565 4477 actibus
622 4419 870 4478 intentus
888 4438 905 4493 3
972 4426 1029 4480 et
1084 4421 1180 4478 ille
1240 4425 1327 4480 est
1381 4419 1519 4477 mihi

1653 564 1832 639 magis
1873 566 2250 640 propinquus,
2291 569 2387 639 qui
2438 569 2828 640 spiritualibus

1652 638 1920 711 operibus
1961 641 2048 694 est
2092 639 2275 711 magis
2317 639 2592 699 intentus.
2638 642 2828 725 Spiri-

1650 709 1833 765 tuales
1871 709 2154 778 proximos
2200 711 2441 781 praefero
2481 714 2828 785 carnalibuS,

1648 785 1705 837 et
1728 780 1956 838 utiliora
1980 797 2156 843 opera
2183 780 2369 838 minus
2393 782 2652 852 utilibus;
2684 787 2828 843 adeo

1649 857 1729 922 ut,
1782 851 2057 915 spirituali
2106 853 2262 922 operi
2318 869 2545 924 vacanS,
2593 856 2825 913 omnino

1647 924 1903 980 carnales
1950 928 2281 996 postponam
2325 925 2580 981 affectus,
2622 929 2827 983 Domi-

1645 1011 1751 1051 nus
1790 1004 1849 1051 se
1894 1011 2057 1051 nosse
2104 1001 2341 1052 matrem
2387 997 2725 1061 dissimulat,
2769 1002 2827 1054 et

1650 1083 1750 1136 per
1811 1066 2206 1139 cognationem
2266 1067 2569 1137 proximos,
2629 1068 2824 1125 dicens

1645 1137 1753 1194 sibi
1790 1138 2073 1207 proximos
2095 1154 2238 1207 esse,
2268 1154 2368 1206 per
2396 1139 2660 1207 spiritum
2689 1157 2818 1196 con-

1639 1210 1887 1280 junctos
1919 1210 2038 1276 Quo
2069 1210 2322 1277 exemplo
2349 1226 2387 1264 n
2411 1210 2515 1267 »his
2542 1218 2826 1268 monstra-

1645 1282 1745 1349 vit,
1776 1282 1926 1352 quod
1980 1282 2152 1337 verbo
2202 1280 2393 1337 docuit
2426 1299 2439 1337 :
2472 1282 2686 1338 scilicet
2725 1287 2825 1352 qui

1645 1358 1797 1407 amat
1823 1357 2035 1422 patrem
2084 1357 2183 1407 aut
2225 1358 2456 1408 matrem
2496 1356 2624 1424 plus
2654 1371 2820 1423 quam

1644 1440 1749 1492 me,
1783 1424 1838 1479 id
1869 1429 1951 1480 est
1980 1423 2076 1492 qui
2116 1426 2272 1493 operi
2302 1424 2580 1494 spirituali
2609 1441 2822 1482 carna-

1646 1496 1724 1551 les
1753 1495 2033 1566 praeponit
2061 1496 2314 1564 affectus,
2341 1512 2449 1551 non
2475 1501 2556 1552 est
2603 1513 2688 1552 me
2718 1497 2821 1553 di·-

1644 1583 1805 1633 qnuS.
1840 1566 1943 1634 Qui
1973 1583 2107 1637 ergo
2142 1568 2200 1622 in
2238 1567 2598 1624 conferendis
2637 1569 2821 1624 bene-

1646 1637 1792 1694 flciis
1857 1645 1915 1694 et
1972 1638 2346 1709 dignitatibus
2399 1638 2820 1709 ecclesiasticis,

1643 1725 1917 1781 personas
1960 1709 2184 1780 accipit,
2220 1710 2529 1781 praeferens
2588 1726 2819 1767 carnem

1642 1780 1885 1852 spiritui,
1921 1788 1978 1836 et
2015 1797 2154 1851 opus
2196 1781 2386 1837 minus
2415 1782 2551 1838 utile
2580 1780 2820 1851 utiliori,

1641 1853 1885 1908 formam
1913 1869 1948 1908 a
1971 1852 2210 1909 Domino
2230 1853 2618 1925 praescriptam
2646 1852 2820 1909 relin-

1642 1923 1784 1994 quit,
1800 1930 1858 1980 et
1888 1926 2130 1993 maxime
2162 1926 2340 1980 Deum
2368 1924 2623 1981 offendit.
2660 1925 2819 1980 Unde

1639 1998 2003 2063 Hieronymus
2031 2013 2045 2051 z
2082 2014 2110 2047 «
2138 1998 2262 2052 Non
2294 2002 2536 2052 matrem
2568 1995 2817 2068 negavit,

1643 2083 1714 2122 ne
1743 2076 1909 2123 natus
1948 2066 2018 2123 de
2056 2069 2452 2138 phantasmate
2489 2073 2814 2139 putaretur;

1638 2139 1737 2193 sed
1765 2138 2066 2208 Apostolos
2096 2138 2425 2205 cognationi
2451 2138 2723 2210 praetulit,
2757 2143 2819 2194 ut

1642 2217 1699 2265 et
1743 2225 1847 2265 nos
1903 2208 1961 2264 in
2015 2210 2441 2278 comparatione
2493 2208 2819 2265 dilectionis

1643 2283 1799 2337 carni
1830 2280 2091 2351 spiritum
2128 2282 2524 2352 praeferamus.
2577 2300 2604 2332 »
2658 2281 2817 2337 Unde

1643 2359 1701 2407 et
1732 2353 2060 2407 Ambrosius
2089 2370 2103 2408 z
2134 2372 2162 2405 «
2193 2355 2304 2408 Nec
2327 2361 2512 2408 tamen
2538 2352 2817 2423 injuriose

1641 2425 1961 2480 refutantur
1994 2433 2282 2495 parentes,
2306 2423 2408 2481 sed
2434 2422 2819 2496 religiosiores

1642 2496 1858 2565 copulae
1888 2495 2161 2553 mentium
2187 2497 2465 2554 docentur
2495 2513 2616 2552 esse
2646 2510 2818 2567 quam

1641 2583 1974 2637 corporum3
2008 2584 2114 2624 nec
2144 2573 2301 2637 putet
2325 2584 2450 2624 esse
2480 2566 2683 2639 aliquis
2721 2568 2817 2623 of—

1639 2637 1986 2694 fendiculum
2043 2639 2283 2709 pietatiS,
2341 2639 2434 2696 ubi
2487 2639 2817 2694 mandatum

1640 2711 1803 2780 Legis
1826 2708 2113 2781 impletur.
2138 2729 2167 2764 »
2193 2710 2351 2766 Unde
2377 2709 2549 2765 etiam
2572 2711 2815 2779 Chryso-

1639 2786 1846 2837 stomus
1887 2799 1901 2836 :
1944 2801 1974 2834 «
2013 2783 2135 2837 Non
2174 2797 2452 2853 spernens
2490 2779 2816 2853 generatio·

1642 2869 1771 2908 nem
1795 2853 2102 2923 carnalem,
2126 2869 2308 2923 neque
2344 2854 2682 2909 erubescens
2713 2851 2814 2907 hu-

1640 2939 1866 2979 manam
1895 2926 2344 2994 conceptionem,
2384 2924 2497 2978 tale
2524 2922 2682 2979 dedit
2710 2939 2814 2978 re—

1639 3010 1947 3065 sponsum3
1979 2997 2076 3051 sed
2110 2994 2302 3051 volens
2323 2993 2645 3059 ostendere,
2679 2991 2814 3064 quia

1638 3067 2027 3137 praeponenda
2060 3069 2147 3121 est
2199 3064 2463 3136 cognatio
2502 3062 2813 3135 spiritualis

1641 3137 1876 3192 carnali.
1938 3155 1966 3189 »
2022 3136 2257 3204 Deinde,
2300 3136 2576 3193 Dominus
2626 3138 2811 3217 Jesus²

1641 3209 1802 3279 quasi
1832 3207 2116 3276 rationem
2142 3206 2275 3263 dicti
2303 3205 2388 3263 sui
2413 3205 2619 3274 reddit,
2651 3221 2813 3278 quas1

1642 3278 1885 3335 dicendo
1918 3297 1931 3335 :
1962 3281 2075 3335 Nec
2107 3279 2288 3335 solum
2319 3277 2576 3349 discipuli
2602 3277 2814 3347 specia-

1640 3350 1789 3417 liter,
1820 3351 1916 3406 sed
1947 3349 2119 3406 etiam
2168 3353 2507 3422 quicumque
2534 3349 2732 3405 fideles
2757 3355 2815 3406 et

1634 3421 1773 3494 justi
1811 3422 2159 3478 aeternaliter
2204 3429 2341 3478 sunt
2378 3427 2561 3478 mater
2591 3437 2718 3478 mea
2756 3425 2815 3478 et

1639 3494 1846 3549 fratres
1886 3493 2016 3550 mei.
2057 3494 2392 3564 Quicumque
2424 3497 2566 3550 enim
2596 3495 2812 3562 fecerit,

1639 3581 1738 3621 ore
1777 3569 1833 3622 et
1882 3581 2076 3637 opere,
2115 3567 2470 3635 voluntatem,
2505 3565 2564 3620 in
2607 3580 2818 3635 praece-

1637 3637 1771 3708 ptis,
1802 3653 1868 3693 ac
1914 3636 2165 3694 consiliis
2201 3643 2258 3692 et
2295 3635 2584 3706 exempliS,
2625 3636 2814 3690 Patris

1636 3712 1763 3778 mei,
1792 3712 1891 3778 qui
1913 3711 1974 3764 in
2003 3710 2149 3764 coelis
2174 3713 2273 3775 est,
2303 3711 2422 3778 ipse
2442 3720 2592 3761 meus
2611 3707 2813 3774 frater,

1638 3784 1690 3835 et
1719 3796 1890 3846 soror,
1924 3784 1975 3835 et
2003 3784 2178 3834 mater
2202 3785 2310 3846 θείς
2350 3779 2524 3833 frater
2561 3780 2617 3831 et
2654 3792 2817 3832 soror

1640 3849 1946 3917 credendo,
1980 3850 2112 3919 quia
2152 3848 2322 3905 Filius
2352 3847 2451 3904 Dei
2490 3852 2573 3902 est
2605 3863 2619 3902 z
2652 3848 2814 3903 Dedit

1638 3920 1790 3977 enim
1815 3923 1892 3974 eis
1915 3925 2241 3991 potestatem
2260 3922 2404 3989 tilios
2424 3919 2527 3974 Dei
2554 3920 2695 3988 fieri,
2728 3920 2815 3973 his

1639 3995 1738 4063 qui
1788 3993 2016 4048 credunt
2057 3994 2118 4045 in
2169 3993 2388 4046 nomine
2427 3989 2579 4059 ejus;
2637 3988 2814 4045 frater

1640 4063 1847 4135 quippe
1885 4067 1943 4119 et
1980 4077 2143 4118 soror
2181 4062 2272 4116 hic
2311 4060 2541 4128 dicitur,
2583 4065 2815 4129 propter

1639 4143 1943 4205 utrumque
1973 4149 2187 4200 sexum,
2222 4131 2317 4203 qui
2348 4133 2420 4188 ad
2453 4131 2625 4188 fidem
2661 4130 2813 4187 colli-

1638 4208 1808 4279 gitur.
1843 4207 1943 4272 Qui
1977 4213 2169 4262 autem
2198 4205 2406 4261 Christi
2439 4204 2613 4259 frater
2638 4208 2696 4258 et
2727 4218 2813 4259 so-

1639 4293 1736 4333 ror
1759 4282 1845 4332 cst
1873 4277 2179 4345 credendo,
2210 4280 2393 4332 mater
2422 4275 2543 4348 ejus
2571 4274 2637 4330 fit
2668 4291 2810 4342 prae-

1640 4348 1883 4405 dicando
1934 4355 1991 4405 et
2034 4348 2094 4404 in
2126 4347 2394 4406 cordibus
2429 4347 2812 4417 proximorum

1639 4419 1811 4493 dicte,
1845 4420 1931 4477 vel
1973 4419 2228 4491 exemplo
2276 4435 2407 4477 eum
2455 4418 2807 4493 generando·
