3146 5023
547 392 627 445 nt:
681 388 1039 450 ENGAE'NIIS,
1100 386 1163 439 IN
1219 384 1458 447 QUIBUS
1514 382 1913 437 VOLUERUNT
1966 383 2176 437 JESUM
2230 383 2453 437 LAPID.
2645 381 2736 434 313

200 551 207 557 .
274 503 340 555 ut
369 498 562 555 Simon
588 499 785 569 Magus
803 501 860 553 et
880 511 1078 552 omnes
1099 493 1435 573 idololatras.

274 573 344 626 Et
372 570 446 626 ad
473 569 640 626 istam
671 570 918 641 speciem
951 568 1235 638 pertinent
1263 565 1441 646 amb15

271 640 426 709 tiosi,
444 657 510 698 ac
535 639 781 710 superbi,
814 650 869 695 et
895 655 1036 695 vane
1060 638 1312 708 gloriosl,
1338 650 1437 705 qu1

270 711 377 769 sibi
403 711 645 784 gloriam
670 712 1011 777 attribuunt,
1031 709 1192 780 quasi
1219 722 1345 763 eam
1372 722 1438 762 ex

267 786 472 855 seipsis
513 789 569 839 et
604 781 822 839 meritis
862 780 978 838 suis
1007 781 1274 847 habeant,
1307 793 1436 834 cum

266 860 457 911 tamen
480 855 663 927 gloria
685 854 760 909 sit
787 852 885 908 Dei
909 850 1154 923 propria.
1179 853 1339 916 Item,
1362 849 1433 930 ad

267 925 415 981 hanc
451 930 668 996 partem
700 923 986 995 pertinent
1022 922 1303 989 iracundi,
1339 935 1435 1002 qut

267 995 375 1052 sibi
403 1001 678 1065 usurpant
707 994 1013 1051 vindictam
1043 1008 1171 1064 quae
1205 1006 1436 1073 propria

266 1072 354 1124 est
381 1067 501 1124 Dei.
527 1066 799 1123 Similiter
819 1070 877 1121 et
896 1064 976 1120 illi
1008 1065 1318 1131 temerarii,
1336 1061 1433 1133 qui

263 1143 622 1210 praesumunt
649 1141 706 1193 et
726 1137 921 1192 volunt
944 1136 1013 1192 de
1041 1134 1285 1192 aliorum
1314 1149 1435 1215 cor-

265 1208 434 1264 dibus
457 1210 735 1281 judicare,
758 1223 887 1263 cum
915 1207 1024 1263 hoc
1045 1206 1117 1262 sit
1143 1219 1433 1285 proprlum

264 1279 366 1335 Dei
398 1284 642 1336 tantum.
673 1282 884 1335 Praeter
911 1280 1055 1347 haec,
1081 1281 1168 1333 est
1195 1281 1253 1331 et
1280 1276 1434 1331 aliud

264 1349 635 1423 blasphemias
668 1366 865 1421 genus,
890 1350 1039 1420 quod
1066 1346 1436 1404 committitur

264 1420 326 1477 in
354 1423 593 1478 Sanctos
618 1424 924 1492 regnantes
945 1435 1074 1477 cum
1105 1418 1350 1486 Christo,
1379 1422 1434 1474 et

262 1491 326 1547 in
362 1494 565 1564 quibus
613 1497 816 1563 regnat
861 1491 1136 1547 ChristuS.
1171 1491 1329 1546 Unde
1372 1488 1433 1544 in

263 1563 350 1620 eis
386 1565 647 1620 Christus
676 1564 962 1631 laudatur,
991 1579 1056 1619 ac
1105 1560 1275 1618 etiam
1317 1561 1435 1617 bla-

262 1635 631 1717 sphematur;
665 1639 721 1692 et
763 1634 823 1690 in
913 1634 1136 1690 raelatos
1168 1631 1265 1715 qui
1303 1647 1434 1687 ser-

261 1714 422 1761 viunt
480 1709 593 1763 Deo
642 1705 701 1762 in
751 1707 855 1762 sub
899 1704 1012 1773 itis,
1054 1710 1110 1761 et
1156 1719 1278 1760 vice
1331 1703 1434 1761 Dei

261 1793 435 1847 supra
462 1777 718 1834 subditos
738 1776 902 1849 positi
933 1780 1084 1845 sunt,
1108 1791 1175 1832 ac
1201 1791 1306 1847 per
1322 1775 1434 1856 hoc

259 1848 407 1904 sicut
430 1850 490 1905 in
519 1848 602 1905 eis
622 1852 773 1906 Deus
801 1845 1230 1917 honoratur,sic
1258 1850 1433 1902 etiam

264 1919 716 1993 blasphematur.

338 2013 394 2047 11
438 1993 582 2048 Sum·
621 2010 685 2047 m·
731 2008 839 2047 suu
875 2008 1209 2048 minuamus
1259 2008 1433 2046 ornan

262 2079 366 2117 PER
388 2080 689 2125 ouonmnm·
705 2079 996 2118 pnccarnu.
1021 2094 1071 2104 -
1095 2060 1267 2117 Tertii
1284 2060 1437 2116 simi-

259 2132 392 2193 liter
422 2133 680 2204 lapidant
727 2133 1026 2190 Dominum
1074 2135 1291 2200 Jesum,
1323 2131 1434 2187 sic-

261 2210 322 2259 ut
365 2204 551 2260 Judaei
601 2204 656 2260 la
697 2205 994 2261 idaverunt
1039 2205 1428 2273 Stephanum;

260 2273 341 2331 sic
366 2275 521 2331 enim
560 2291 653 2331 ma
677 2276 695 2331 i
722 2275 1025 2332 Christiani
1058 2273 1433 2347 spiritualiter

255 2362 406 2401 nunc
439 2347 693 2417 lapidant
747 2347 1118 2418 Stephanum,
1174 2344 1429 2415 quinimo

256 2415 442 2488 ipsum
457 2417 762 2481 Christum,
780 2419 1006 2487 quando
1030 2417 1080 2471 vi
1102 2415 1430 2498 opprimunt

256 2494 312 2543 et
362 2488 628 2559 affligunt
675 2488 1011 2559 proximum.
1068 2490 1231 2559 Lapis
1273 2490 1428 2544 enim

254 2557 463 2614 dicitur
486 2576 521 2614 a
541 2558 831 2619 laedendo:
857 2563 911 2613 et
937 2558 1066 2615 ideo
1088 2574 1215 2613 cum
1236 2557 1425 2629 proxi·

254 2644 404 2697 muS,
434 2628 531 2699 qui
557 2634 643 2685 est
668 2630 984 2685 membrum
1010 2627 1238 2695 Christi,
1266 2628 1426 2683 laedi-

253 2703 369 2768 tur,
402 2705 459 2755 et
487 2700 608 2771 ipse
646 2698 902 2755 Christus
936 2698 994 2755 in
1027 2701 1281 2756 membro
1321 2715 1425 2755 suo

254 2770 560 2841 lapidatur.
595 2772 704 2827 Sed
761 2786 912 2842 saepe
961 2769 1197 2826 tristitia
1231 2769 1425 2825 taliter

254 2857 656 2922 oppressorum
694 2840 1045 2897 convertitur
1074 2840 1158 2897 eis
1189 2840 1245 2895 in
1284 2855 1422 2910 gau-

253 2912 438 2978 dium3
489 2911 634 2968 sicut
675 2911 893 2983 lapides
933 2927 1074 2981 quos
1124 2911 1423 2967 mittebant

252 2982 434 3039 Judaei
463 2988 661 3038 contra
698 2984 792 3039 Ste
836 2984 1047 3038 hanum
1086 2982 1157 3039 ad
1196 2981 1420 3037 afflicti-

254 3069 422 3110 onem
472 3052 678 3114 carnis,
719 3055 791 3109 du
821 3069 911 3108 ces
958 3052 1038 3108 illi
1079 3054 1307 3108 fuerunt
1353 3069 1419 3108 ex

291 3124 459 3180 audio
488 3123 713 3193 mentm,
746 3128 801 3179 et
849 3126 1324 3180 convertebantur
1358 3124 1417 3179 in

274 3195 470 3277 apides
510 3195 790 3266 pretiosos
836 3193 909 3251 ad
952 3210 1223 3252 coronam
1264 3198 1416 3277 capi-

249 3272 352 3335 tls;
399 3267 537 3338 quia
571 3270 756 3337 posuit
806 3271 946 3322 Deus
978 3270 1038 3322 in
1085 3269 1264 3337 capite
1293 3283 1417 3335 ejus

255 3355 510 3395 coronam
536 3339 603 3393 de
634 3340 821 3411 lapide
885 3341 1104 3407 retiosO,
1141 3341 1247 3394 etc.
1279 3339 1414 3395 Pos-

249 3416 337 3465 set
362 3409 535 3466 etiam
561 3409 691 3480 dici,
716 3427 829 3482 quo
903 3408 1297 3466 universaliter
1318 3410 1418 3465 ho-

252 3495 343 3536 mo
372 3481 725 3538 Christianus
744 3483 803 3538 in
826 3479 983 3537 omni
1015 3485 1244 3553 peccato
1271 3497 1416 3537 mor-

251 3550 351 3606 tali
381 3551 596 3622 lapidat
621 3553 925 3610 Christum.
964 3553 1125 3608 Unde
1156 3551 1237 3609 ait
1273 3554 1413 3610 Am-

254 3621 464 3675 brosius
514 3639 527 3675 :
574 3641 602 3674 «
643 3623 686 3679 Ο
728 3624 929 3693 quam·
957 3623 1121 3692 pauci
1180 3628 1310 3680 sunt
1353 3623 1415 3680 in

250 3695 408 3748 tanta
433 3691 794 3749 multitudine
819 3690 1289 3766 Christianorum,
1317 3696 1414 3766 qui

1545 495 1743 550 Jesum
1772 510 1886 550 non
1921 499 2337 566 persequantur
2374 497 2431 551 et
2467 492 2724 565 lapident

1544 568 1602 620 et
1637 564 1928 621 occidant!
1960 587 1985 618 ι)
2011 565 2407 636 Hujuscemodi
2440 564 2613 622 etiam
2634 566 2724 622 la-

1543 635 1758 707 pidatio
1807 636 1887 692 sic
1933 637 2276 694 declaratur.
2330 639 2471 695 Cum
2511 637 2721 693 etenim

1542 708 1802 765 Christus
1833 707 1906 763 sit
1934 709 2244 765 advocatus
2268 714 2482 777 noster,
2512 714 2569 764 et
2594 724 2721 779 pro-

1542 778 1763 850 pitiatio
1810 795 1914 851 pro
1943 780 2190 852 peccatis
2224 778 2452 845 nostris,
2487 779 2583 850 qui
2629 778 2719 835 in-

1543 850 1806 921 terpellat
1836 867 1940 923 pro
1972 850 2138 908 nobis
2161 853 2309 922 apud
2343 852 2592 917 Patrem,
2626 850 2718 906 id-

1541 920 1695 978 circo
1728 923 1850 993 ipse
1890 922 1960 978 de
1984 921 2230 994 peccatis
2258 922 2414 978 dolet
2442 926 2499 978 et
2518 922 2672 992 luget
2696 940 2709 990 ;

1543 991 1689 1050 sicut
1725 1009 1757 1048 e
1794 1009 2063 1050 converso
2091 994 2162 1049 de
2220 998 2417 1050 nostra
2480 1009 2713 1049 conver-

1541 1063 1702 1120 sione
1752 1064 1981 1134 gaudet.
2035 1064 2508 1135 Quotiescumque
2561 1063 2722 1121 enim-

1581 1151 1864 1205 eccamuS,
1897 1134 2187 1191 Christum
2226 1135 2627 1191 contristamus
2658 1140 2715 1191 et

1564 1205 1830 1275 aedimus3
1874 1222 1941 1263 ac
1987 1221 2090 1278 per
2114 1209 2224 1267 hoc
2261 1222 2394 1263 eum
2437 1206 2713 1277 quodam-

1542 1277 1712 1334 modo
1739 1278 2075 1349 lapidamus,
2105 1280 2239 1335 Etin
2269 1276 2554 1348 elligenda
2585 1280 2713 1334 sunt

1541 1350 1665 1406 haec
1694 1365 1830 1406 sane
1863 1366 1976 1406 non
2016 1351 2166 1421 quod
2295 1353 2465 1405 ristus
2495 1350 2553 1403 in
2595 1363 2714 1403 cor-

1542 1437 1682 1549 Eore
1710 1437 1812 1477 suo
1848 1422 1958 1489 iam
1986 1421 2235 1492 glorioso
2270 1421 2513 1477 laedatur
2541 1418 2715 1475 sensi·

1584 1491 1756 1562 iliter,
1784 1508 1913 1549 cum
1945 1509 2150 1564 corpus
2177 1493 2320 1549 illud
2347 1494 2420 1547 sit
2450 1490 2712 1562 impassi-

1543 1563 1686 1632 bile;
1736 1564 1844 1631 vel,
1896 1565 2050 1635 quod
2087 1564 2146 1621 in
2186 1564 2394 1637 ipsum,
2446 1563 2535 1619 vel
2583 1578 2713 1634 par-

1542 1639 1661 1691 tem
1690 1634 2018 1692 sensitivam
2047 1637 2251 1692 cadant
2270 1634 2565 1707 passiones
2601 1633 2715 1689 ani-

1546 1722 1684 1774 mae3
1713 1712 1770 1763 et
1797 1706 1957 1778 quasi
1992 1707 2072 1763 sic
2100 1709 2347 1779 peccatis
2390 1704 2600 1762 nostris
2632 1705 2714 1760 la·

1543 1777 1792 1850 pidetur.
1822 1779 1932 1835 Sed
1961 1778 2290 1850 huJusmodi
2329 1776 2600 1849 lapidatio
2631 1780 2717 1832 est

1545 1849 1951 1920 metaphorica.
1966 1849 2110 1906 sicut
2127 1855 2181 1906 et
2199 1847 2510 1917 crucifixio,
2525 1863 2716 1919 quem·

1545 1921 1856 1976 admodum
1885 1921 2022 1978 dicit
2047 1922 2350 1993 Apostolus
2382 1921 2453 1977 de
2484 1918 2715 1990 quibus-

1543 1991 1677 2047 dam
1716 1992 2012 2065 baptizatis
2052 1998 2108 2049 et
2143 1999 2334 2063 postea
2374 1990 2656 2064 prolapsis
2698 2007 2711 2046 :

1542 2066 1783 2120 Rursum
1810 2066 2186 2132 crucifiqemes
2223 2067 2284 2119 in
2303 2064 2612 2123 semetipsis
2628 2064 2718 2116 Fi-

1544 2134 1682 2188 lium
1705 2136 1824 2190 Dei.
1857 2134 1960 2192 Ubi
1991 2134 2071 2191 ait
2091 2136 2285 2191 Glossa
2312 2151 2327 2190 τ
2362 2154 2391 2187 «
2413 2136 2537 2190 Non
2563 2131 2715 2201 quod

1542 2204 1880 2275 crucifigant
1909 2205 2113 2261 Filium
2162 2205 2285 2274 Dei,
2325 2204 2427 2261 sed
2475 2202 2610 2273 quia
2640 2202 2715 2257 sia

1542 2275 1706 2332 miles
1719 2282 1854 2332 sunt
1875 2275 2305 2333 crucifixoribus
2326 2293 2342 2345 ;
2372 2273 2716 2344 crucifigunt

1539 2351 1731 2402 autem
1755 2347 1814 2402 in
1848 2346 2189 2418 semetipsis,
2227 2346 2285 2402 id
2323 2351 2409 2403 est
2437 2349 2714 2418 quantum

1537 2416 1598 2472 in
1627 2418 1765 2487 ipsis
1795 2425 1899 2475 est.
1925 2439 1954 2471 »
1983 2418 2072 2475 Sic
2098 2418 2156 2475 in
2186 2418 2499 2491 proposito,
2532 2432 2710 2486 quan·

1538 2488 1612 2545 do
1633 2490 1951 2547 mortaliter
1977 2505 2299 2562 peccamus,
2323 2489 2614 2547 Christum
2632 2487 2712 2544 la-

1537 2559 1821 2630 pidamus,
1837 2568 1892 2618 et
1907 2561 2188 2629 laedimus,
2204 2567 2259 2617 et
2275 2561 2707 2617 contristamus:

1538 2630 1692 2701 quia,
1738 2636 2015 2703 quantum
2073 2635 2132 2686 in
2184 2632 2351 2688 nobis
2397 2638 2502 2696 est,
2552 2629 2710 2685 illum

1535 2701 1766 2772 gaudio,
1790 2702 1941 2773 quod
1963 2701 2081 2772 ipse
2111 2702 2183 2758 de
2208 2701 2373 2758 nobis
2403 2704 2709 2772 exspectat,

1533 2771 1844 2843 privamus,
1881 2775 1944 2828 In
1974 2789 2086 2855 quo
2122 2771 2294 2829 etiam
2334 2788 2505 2828 sensu
2531 2770 2711 2843 loqui-

1531 2847 1630 2898 tur
1653 2845 1971 2899 Ber-nardus
1997 2861 2054 2900 ln
2081 2860 2330 2916 persona
2370 2841 2601 2910 Christi,
2632 2842 2710 2897 sic

1531 2912 1827 2984 alloquens
1851 2919 2207 2985 peccatorem
2244 2932 2257 2970 :
2295 2936 2316 2965 ι
2354 2916 2553 2970 Nonne
2582 2928 2711 2984 pro·

1531 2992 1658 3056 pter
1713 2990 1770 3040 te
1820 2984 2151 3042 vulneratus
2201 2984 2369 3041 sum‘?
2424 2983 2709 3054 Numquid

1532 3071 1648 3111 non
1677 3071 1780 3126 pro
1809 3055 2106 3125 iniquitate
2137 3061 2237 3112 tua
2266 3055 2508 3111 afflictus
2537 3069 2661 3109 sum
2681 3054 2709 3109 ⁶?

1532 3128 1601 3182 Ut
1617 3127 1752 3197 quid
1768 3125 1930 3182 addis
1945 3126 2312 3184 afflictionem
2329 3126 2540 3183 afflicto
2552 3125 2581 3180 ‘?
2598 3127 2710 3181 Ma·

1529 3197 1617 3268 gis
1642 3204 1955 3269 aggravant
1979 3214 2069 3255 me
2090 3199 2326 3255 vulnera
2354 3196 2437 3253 tui
2466 3195 2705 3269 peccati,

1529 3284 1701 3341 quam
1716 3269 1947 3326 vulnera
1962 3269 2217 3341 corporis
2234 3269 2344 3326 mei
2366 3287 2378 3325 ε
2399 3291 2428 3319 »
2446 3271 2566 3325 haec
2583 3271 2709 3324 Ber-

1526 3342 1759 3396 nardus.
1803 3341 1915 3398 Sed
1941 3357 2024 3397 vae
2058 3342 2323 3398 omnibus
2351 3340 2475 3397 istis
2502 3339 2705 3397 Domi-

1529 3427 1667 3467 num
1680 3414 1710 3468 J
1716 3428 1875 3468 esum
1888 3412 2268 3483 lapidantibus
2283 3413 2297 3468 l
2325 3411 2459 3485 quia
2474 3413 2705 3468 abscon·

1525 3482 1608 3539 dit
1642 3483 1904 3540 notitiam
1936 3500 2099 3541 suam
2135 3484 2369 3553 talibus,
2401 3489 2459 3540 et
2487 3482 2600 3539 exit
2628 3482 2698 3537 de

1524 3555 1737 3625 templo
1778 3555 2035 3612 cordium
2082 3572 2317 3624 eorum3
2380 3553 2706 3611 manifestat

1527 3632 1721 3681 autem
1751 3643 1812 3682 se
1831 3626 2183 3684 amatoribus
2212 3625 2351 3695 suiS,
2375 3630 2432 3681 et
2456 3624 2703 3696 gauden-

1526 3699 1615 3752 ter
1644 3696 1953 3772 habitatin
1985 3697 2115 3755 illis.

1367 3837 1626 3895 ORATIO

321 4004 561 4062 Domine
588 4007 725 4062 Jesu
745 4005 985 4074 Christe,
1012 4005 1101 4062 fac
1126 4021 1216 4062 me
1246 4003 1502 4063 encaenia
1524 4009 1583 4063 et
1610 4006 2009 4064 innovationes
2036 4006 2097 4063 in
2127 4008 2339 4079 templo
2370 4008 2559 4065 cordis
2585 4008 2695 4065 mei

245 4075 613 4147 spiritualiter
642 4077 951 4144 celebrare,
992 4092 1216 4148 semper
1255 4078 1535 4149 meipsum
1567 4078 1918 4147 renovando,
1950 4084 2005 4135 et
2034 4079 2398 4136 ascensiones
2423 4079 2482 4135 in
2516 4082 2687 4137 corde

247 4163 372 4203 meo
403 4147 778 4219 disponendo.
811 4151 891 4204 Da
915 4147 1051 4203 mihi
1084 4150 1234 4205 bona
1260 4165 1436 4220 opera
1460 4150 1666 4217 facere,
1686 4165 1812 4219 quae
1842 4147 2230 4206 testimonium
2253 4149 2594 4221 perhibeant
2622 4151 2693 4208 de

246 4234 366 4302 me;
401 4234 466 4301 ac
496 4234 691 4275 vocem
753 4224 909 4275 tuam
951 4218 1150 4276 audire
1202 4221 1485 4278 credendo
1512 4221 1703 4287 corde,
1735 4224 1793 4276 et
1819 4220 2138 4278 obediendo
2166 4238 2359 4294 opere,
2387 4227 2553 4293 teque
2591 4238 2695 4305 per

246 4296 619 4347 imitationem
671 4291 951 4346 bonorum
986 4306 1220 4362 operum
1269 4291 1453 4364 sequi,
1485 4296 1540 4349 et
1578 4291 1730 4348 inter
1759 4309 1893 4349 oves
1925 4300 2050 4349 tuas
2090 4309 2125 4350 a
2160 4296 2214 4350 te
2248 4292 2699 4351 misericorditer

247 4362 531 4434 cognosci.
562 4361 793 4420 Custodi
821 4362 993 4420 etiam
1022 4377 1136 4431 me,
1166 4363 1431 4432 Domine,
1463 4379 1536 4421 ne
1559 4380 1839 4436 umquam
1850 4364 2018 4422 malis
2048 4364 2490 4436 cogitationibus
2516 4370 2573 4422 et
2596 4382 2694 4423 vo-
