3146 5023
596 392 677 445 DE
732 389 1080 457 ENGAEMIS,
1134 388 1201 446 IN
1257 393 1498 455 QUIBUS
1556 391 1962 447 venusttum·
2017 390 2234 446 meum
2289 391 2512 446 LAPID.
2704 394 2791 446 311

330 502 424 555 tur
437 500 588 554 Deus
605 513 618 553 ε
634 498 861 566 natura,
874 503 937 554 ut
953 500 1102 555 Deus
1116 497 1505 570 omnipotens3

333 568 659 641 adoptione,
713 573 777 625 ut
823 569 1107 652 particeps
1147 570 1396 641 deitatiS,
1437 571 1511 629 de

336 640 545 713 quibus
559 640 620 697 in
643 641 945 697 psalmista
965 641 1175 698 dicitur
1192 658 1206 699 t
1226 641 1325 698 Dii
1343 645 1504 710 estise

331 712 622 784 opinione,
654 724 754 769 seu
793 724 983 769 nuncu
1024 710 1236 782 atione,
1264 717 1327 770 ut
1354 714 1510 772 idola

333 788 391 840 et
417 784 729 841 daemones.
755 783 973 840 Deinde

329 846 415 911 dit
440 854 711 912 Dominus
732 866 838 927 per
862 855 1167 923 rationem,
1199 855 1416 913 scilieet
1438 873 1507 913 ex

330 926 599 998 operibus
630 925 817 998 Patris
882 938 971 983 nee
1004 925 1270 984 faciebat·
1303 927 1509 985 Omnia

330 998 504 1065 enim,
523 997 839 1054 secundum
914 997 1301 1070 hilosopbum‚
1325 999 1508 1056 deter-

328 1066 620 1125 minantur
657 1069 892 1140 proprio
936 1081 1131 1140 opere,
1161 1073 1219 1125 et
1245 1070 1374 1127 ideo
1404 1086 1507 1142 per

326 1138 618 1211 propriam
635 1138 1027 1210 operationem
1040 1140 1507 1199 certificamnrde

329 1215 535 1266 natura
573 1209 687 1278 rei-3
730 1210 988 1267 Christus
1033 1215 1224 1268 autem
1266 1211 1509 1269 faciebat

326 1292 502 1351 opera
528 1279 841 1337 divinitatis
870 1282 1123 1364 propria,
1148 1281 1364 1339 scilicet
1396 1283 1501 1339 mi·

329 1348 548 1419 recula,
574 1352 1036 1410 transcendentia
1058 1357 1238 1410 totam
1268 1353 1503 1415 faculta-

325 1424 444 1479 tem
479 1428 778 1492 creaturae,
819 1424 878 1480 et
914 1439 984 1481 ea
1015 1424 1262 1482 faciebat
1292 1426 1504 1483 virtute

328 1492 582 1566 propria,
614 1507 730 1550 non
761 1494 947 1553 solum
976 1493 1327 1553 obsecrando
1357 1496 1502 1554 divi·-

330 1576 466 1621 nam
498 1565 839 1636 potentiam,
867 1567 967 1623 sed
988 1567 1296 1639 aliquando
1323 1567 1502 1639 impe-

328 1632 539 1705 rando;
561 1650 626 1693 ex
642 1653 753 1707 quo
779 1638 1154 1709 concluditur,
1174 1640 1327 1710 quod
1350 1638 1411 1695 in
1431 1656 1500 1696 eo

324 1721 460 1763 vere
481 1714 606 1763 erat
630 1713 835 1765 natura
855 1709 1068 1778 divina,
1091 1718 1150 1766 et
1173 1726 1278 1782 per
1300 1726 1500 1767 conse-

270 1812 273 1819 ·
326 1793 508 1849 quens
538 1792 653 1835 non
691 1785 812 1837 erat
854 1780 1225 1851 blasphemus
1257 1781 1500 1840 dicendo

323 1864 383 1906 se
406 1865 533 1906 esse
553 1852 757 1921 Deum,
776 1851 861 1908 vel
886 1851 1091 1908 Filium
1116 1852 1238 1909 Dei.
1257 1855 1334 1909 Ae
1355 1853 1401 1909 si
1422 1852 1502 1909 di-

325 1926 480 1977 ceret
500 1939 517 1976 ε
540 1923 665 1978 Non
690 1926 911 1980 tantum
935 1938 1038 1995 per
1055 1926 1233 1982 verba
1261 1941 1351 1981 me
1375 1940 1500 1981 esse

324 1990 527 2048 Filium
546 1994 646 2049 Dei
664 1995 930 2063 credatis,
947 1995 1046 2051 sed
1060 1995 1235 2052 etiam
1250 2011 1355 2068 per
1371 2012 1502 2068 ope-

324 2074 412 2131 ra,
431 2075 557 2133 quas
579 2069 636 2119 et
658 2066 827 2121 modo
856 2081 967 2137 quo
992 2082 1062 2122 ea
1089 2066 1258 2135 facio,
1276 2071 1333 2123 et
1353 2067 1499 2123 facto

325 2131 452 2204 ipso
474 2136 783 2192 ostendunt
809 2135 872 2192 in
898 2149 991 2194 me
1020 2141 1283 2195 naturam
1311 2143 1367 2194 et
1394 2136 1503 2193 vir-

326 2210 507 2260 tutem
558 2205 657 2262 Det
693 2219 842 2264 esse.
886 2206 952 2265 Si
988 2210 1129 2264 mint
1172 2224 1282 2265 non
1327 2210 1500 2266 vultis

326 2276 563 2339 eredere,
597 2276 656 2332 id
685 2282 774 2334 est
815 2279 1005 2336 verbis
1046 2279 1211 2351 meis,
1245 2282 1500 2352 operibus

323 2342 547 2415 credite,
581 2360 682 2405 seu
720 2350 895 2407 fidem
923 2351 1178 2408 adhibite
1202 2353 1266 2409 ut
1294 2352 1497 2408 merito

323 2417 482 2501 fidei,
520 2415 785 2500 ‚amplius
845 2424 1246 2549 cognoscendo
1298 2439 1495 2496 opera,

323 2490 566 2546 veniatis
600 2491 674 2547 ad
703 2491 879 2548 fldem
957 2493 1178 2563 eitatis3
1210 2498 1275 2551 ut
1301 2510 1497 2564 coqne-

321 2564 493 2616 seatis
519 2566 572 2615 et
589 2563 830 2618 credatis
857 2567 993 2633 qnia
1015 2568 1180 2620 Pater
1198 2568 1261 2621 in
1285 2581 1371 2621 me
1395 2572 1496 2649 est,

319 2645 424 2703 per
453 2635 679 2688 naturae
714 2632 1287 2705 inseparabilitatem,
1318 2640 1375 2692 et
1408 2653 1498 2693 sui

320 2713 633 2760 consensus
661 2704 1015 2762 voluntatem
1043 2705 1103 2762 in
1129 2707 1323 2764 omnia
1350 2708 1500 2765 facta

318 2785 488 2843 mea3
525 2780 577 2830 et
618 2787 715 2844 090
762 2778 823 2831 in
868 2777 1054 2847 Patre,
1102 2777 1248 2834 sicut
1298 2791 1334 2836 a
1383 2791 1496 2850 quo

214 2875 219 2880 -
322 2845 509 2901 habeo
536 2844 800 2902 naturam
820 2847 879 2903 ει
893 2848 1215 2918 veritatem,
1228 2853 1284 2905 et
1299 2859 1496 2920 opera.

322 2917 387 2971 In
424 2927 491 2971 eo
531 2921 619 2972 est
653 2919 844 2988 Pater,
878 2919 933 2974 et
970 2914 1092 2990 ipse
1122 2915 1185 2975 in
1220 2921 1409 2990 Patre,
1438 2920 1499 2976 in

325 2992 600 3057 quantum
644 2992 727 3044 est
766 2999 879 3045 una
920 2994 1128 3046 natura
1173 2992 1494 3060 amborum,

326 3056 471 3112 sicut
517 3069 633 3114 una
679 3059 957 3130 operette.
992 3059 1098 3127 Qui
1138 3074 1274 3132 ergo
1316 3058 1497 3132 magis

328 3121 514 3198 diligit
550 3128 636 3185 vel
668 3131 870 3199 credit,
902 3130 1146 3202 amplius
1183 3133 1494 3203 cognoscit.

394 3222 425 3271 7
458 3203 725 3264 Camsrns
756 3215 879 3257 mm·
910 3218 977 3258 nn
1012 3217 1244 3259 umens
1279 3206 1495 3260 Jmmo·

324 3280 433 3326 nim
486 3291 542 3328 m
594 3286 702 3328 non
750 3285 911 3329 ΜΑειε
969 3287 1372 3331 msAmsNrmn.
1427 3301 1495 3318 υ·-

325 3341 464 3399 Vide
518 3343 611 3400 hic
660 3344 983 3401 mirabilem
1026 3345 1358 3402 Judaeorum
1411 3347 1495 3402 in-

323 3412 579 3471 saniam!
623 3416 732 3487 Ipsi
772 3417 1041 3473 volebant
1079 3416 1221 3473 scire
1260 3416 1307 3473 si
1347 3423 1498 3474 esset

322 3481 620 3554 Christus;
652 3492 709 3543 et
738 3487 875 3559 quia
906 3486 1095 3544 verbis
1133 3493 1190 3544 et
1227 3488 1495 3560 operibus

321 3555 432 3635 hoc
443 3558 746 3626 probabat,
766 3570 897 3614 eum
923 3558 1177 3639 lapidare
1207 3561 1492 3617 volebant.

322 3625 434 3695 Ipsi
458 3641 592 3681 vero
626 3642 812 3697 neque
841 3631 1050 3696 verbis,
1087 3647 1270 3701 neque
1300 3631 1495 3701 operi·

319 3694 427 3751 bus
445 3695 864 3754 inducebantur
885 3698 958 3753 ad
982 3700 1332 3757 credendum
1356 3720 1369 3771 ς
1398 3704 1499 3760 sed

323 3771 618 3837 tamquam
658 3768 953 3838 obstinati,
1012 3772 1351 3841 quaerebant,
1388 3779 1501 3830 stu⁴

325 3836 509 3907 diose,
559 3855 679 3893 eum
729 3841 1158 3911 apprehendere,
1192 3858 1310 3898 non
1350 3845 1502 3901 bona

323 3909 809 3980 apprehensione,
826 3910 1042 3968 scilicet
1060 3912 1133 3968 ad
1155 3914 1501 3972 credendum

327 3982 385 4035 et
429 3979 889 4052 intelligendum,
936 3983 1037 4039 sed
1083 3985 1254 4053 mala,
1287 3984 1503 4042 scilicet

325 4051 400 4106 ad
426 4053 777 4108 saeviendum
805 4057 861 4109 et
890 4055 962 4108 ad
996 4055 1389 4113 occidendum.
1420 4059 1500 4113 Tu

328 4124 1068 4253 &gestitant-tilii?
1090 4126 1504 4256 Ἆέἱιῗέιξῗῗθὲῑ

323 4266 490 4321 ,Iesus
510 4269 687 4322 eoeivit
705 4268 772 4322 de
793 4270 1050 4325 manibus
1065 4286 1273 4340 eorum,
1293 4270 1503 4328 virtute

331 4335 526 4395 divina
552 4337 841 4397 transiens
864 4356 967 4413 per
993 4340 1170 4415 ipsos,
1191 4342 1337 4400 sicut
1361 4343 1503 4400 alias

1038 798 1105 840 oe
1132 784 1288 841 idem
1317 781 1522 843 osten-⁴

1619 500 1861 581 fecerat,
1885 502 1947 554 ιιι
1993 496 2322 554 ostenderet
2370 512 2433 554 se
2470 509 2587 554 non
2622 509 2793 570 posse

1620 565 1896 638 detineri,
1932 568 2043 625 nisi
2097 569 2324 640 quando
2374 568 2582 638 vellen
2619 574 2678 626 et
2727 575 2795 627 ut

1620 643 1783 699 daret
1844 639 2014 697 nobis
2077 640 2395 711 exemplum
2468 639 2795 698 declinandi

1620 713 1902 770 malorum
1927 710 2225 780 saevitiam,
2249 711 2477 782 quando
2506 711 2629 769 sine
2656 713 2794 770 fidei

1660 783 1873 842 ericulo
1893 782 2021 840 fieri
2039 786 2249 855 potest.
2269 783 2392 838 Non
2409 782 2566 839 enim
2593 798 2796 857 appre-

1661 855 1979 925 enderunt,
2034 852 2171 926 quia
2226 864 2430 910 manus
2481 852 2617 911 fidei
2673 868 2791 912 non

1619 927 1962 984 habuerunt.
1988 929 2082 991 Et,
2098 924 2300 982 relicta
2320 926 2352 981 J
2357 923 2541 994 udoea,
2558 929 2795 998 propter

1619 996 2082 1055 incredulitatem
2131 1009 2355 1065 eorum,
2401 997 2547 1053 abiit
2594 999 2798 1054 iterum

1621 1074 1779 1126 trans
1810 1069 2129 1137 ,Iov-danem,
2166 1069 2231 1122 in
2285 1083 2408 1124 eum
2459 1070 2658 1139 locum,
2697 1070 2798 1125 ubi

1620 1144 1741 1197 erat
1781 1143 2019 1196 Joannes
2071 1138 2364 1210 baptisans
2401 1141 2691 1209 primum,
2743 1146 2798 1198 et

1618 1214 1761 1281 illio,
1793 1211 1868 1268 ad
1899 1214 2128 1281 tempus
2155 1224 2289 1265 cum
2333 1207 2624 1281 discipulis
2653 1209 2791 1282 suis,

1620 1286 1850 1351 mansit,
1877 1285 1940 1338 ut
1965 1278 2159 1354 populi
2187 1278 2479 1338 venientes
2502 1281 2576 1337 ad
2602 1279 2791 1352 ipsum

1619 1354 2062 1411 recordarentur
2084 1353 2157 1408 de
2196 1351 2525 1409 testimonio
2546 1353 2578 1408 J
2583 1352 2789 1411 oannis

1619 1425 1908 1498 Baptistae,
1941 1428 1998 1480 et
2022 1422 2092 1480 de
2115 1417 2437 1480 testimonio
2456 1422 2561 1494 ¹Dei
2583 1423 2789 1493 Patris,

1621 1501 1677 1553 et
1701 1498 1770 1552 de
1784 1495 1910 1553 aliis
1931 1494 2012 1552 ibi
2040 1494 2203 1551 factis
2228 1498 2285 1550 et
2304 1493 2499 1563 dictis;
2518 1499 2575 1551 et
2595 1494 2676 1551 sic
2694 1492 2792 1552 ha·

1617 1567 1738 1625 bita
1772 1567 2088 1639 primorum
2118 1570 2175 1622 et
2202 1565 2641 1623 novissimorum
2670 1567 2787 1623 col-

1618 1638 1850 1706 latione,
1864 1638 2346 1694 confirmarentur
2368 1637 2428 1693 in
2453 1637 2565 1693 fide
2588 1636 2786 1719 ipsius.

1619 1710 1892 1779 Conspice
1929 1709 2104 1780 igitur
2138 1714 2257 1765 tam
2299 1724 2454 1777 eum,
2487 1724 2658 1779 quam
2704 1710 2789 1764 dl-

1617 1782 1863 1853 scipulos
1917 1797 2051 1837 suos
2103 1785 2339 1836 moestos
2390 1780 2681 1848 recedere,
2734 1783 2792 1837 ει

1616 1852 1756 1925 ipsis
1789 1854 1909 1909 toto
1939 1864 2106 1923 posse
2141 1855 2487 1922 compatere.
2519 1854 2592 1908 Et
2628 1853 2793 1908 multi

1614 1924 1991 1980 veneruntad
2038 1934 2179 1991 eum,
2215 1936 2330 1979 non
2369 1927 2489 1979 tam
2529 1938 2790 1994 corpore,

1616 2012 1787 2067 quam
1817 1994 2026 2051 mentis
2074 1993 2398 2063 devotione,
2437 1998 2488 2050 et
2537 1994 2793 2049 eredide-

1614 2073 1747 2122 runt
1789 2070 1851 2122 in
1899 2068 2084 2136 illum,
2136 2081 2204 2121 ex
2250 2069 2370 2121 toto
2424 2065 2614 2121 corde.
2652 2067 2793 2122 Ecce

1613 2137 1709 2194 isti
1776 2134 2279 2209 apprehenderunt
2330 2140 2789 2208 permanentem,

1613 2213 1677 2265 ut
1696 2209 1973 2265 haberent
1994 2225 2009 2276 3
2036 2208 2136 2264 sed
2157 2206 2338 2278 iniqui
2365 2205 2550 2263 Judael
2583 2218 2788 2278 appre-

1612 2280 1869 2337 hendere
1917 2279 2219 2335 voluerunt
2267 2277 2675 2347 discedentem,
2725 2283 2788 2334 ut

1613 2362 1731 2408 non
1787 2352 2082 2408 haberent.
2135 2350 2368 2421 Mystico
2423 2353 2640 2417 autem,
2693 2365 2783 2406 se·

1612 2424 1861 2480 cundum
1904 2423 2282 2492 Theophilum,
2313 2420 2587 2477 recedens
2625 2435 2661 2476 a
2691 2421 2785 2477 Je-

1611 2495 1764 2552 rosol
1862 2493 1912 2550 is
1952 2492 2248 2563 Dominus,
2288 2492 2397 2549 hoc
2434 2494 2523 2549 est
2550 2507 2586 2549 a
2618 2491 2785 2574 plebe

1611 2567 1758 2623 ‚luda
1783 2582 1868 2635 ca,
1909 2566 1983 2621 ad
2019 2565 2146 2621 loca
2183 2564 2370 2619 fontes
2408 2563 2682 2620 habentia
2719 2580 2782 2620 se

1612 2636 1925 2705 transsert3
1978 2633 2039 2690 id
2088 2637 2177 2690 est
2227 2634 2301 2690 ad
2356 2633 2666 2690 Ecclesiam
2715 2647 2784 2691 ex

1613 2706 1910 2775 Gentibus,
1929 2720 2054 2776 quoe
2065 2701 2241 2761 habet
2256 2705 2470 2760 fontem
2485 2703 2783 2776 Baptismi,

1611 2789 1716 2850 per
1748 2793 1919 2850 quem
1972 2774 2134 2832 multi
2181 2776 2255 2832 ad
2295 2773 2581 2833 Christum
2620 2792 2784 2833 acee-

1612 2849 1776 2918 dunt,
1824 2846 1986 2919 quasi
2037 2851 2403 2903 transeuntes
2455 2846 2782 2904 Jordanem.

1684 2922 1716 2975 8
1774 2921 1879 2987 Qm
1928 2933 2100 2974 mrsu
2162 2919 2524 2974 Cnmsrlmos
2586 2919 2789 2974 JUDAEm

1614 3004 1749 3047 smvr
1799 3003 2028 3045 emmas.
2065 3014 2135 3030 ⁴-
2180 2988 2485 3045 Sciendum
2537 2992 2624 3045 est
2671 2987 2785 3056 hic,

1613 3062 1766 3132 quod
1797 3059 1933 3116 mali
1960 3059 2143 3117 Judaei
2169 3062 2322 3127 sunt,
2347 3074 2464 3114 non
2492 3059 2678 3115 solum
2702 3058 2786 3115 illi

1611 3132 1707 3204 qui
1765 3133 1971 3188 litteras
2028 3129 2192 3201 Legis
2250 3135 2306 3185 et
2363 3129 2784 3186 circumcisioni

1611 3203 1800 3260 carnis
1841 3202 2168 3269 innitentes,
2193 3200 2478 3283 Christum
2523 3201 2787 3281 blasphe-

1612 3280 1791 3343 mant,
1810 3273 1953 3331 sicut
1980 3273 2075 3330 isti
2102 3273 2174 3329 de
2195 3271 2401 3344 quibus
2422 3274 2514 3328 hic
2537 3272 2770 3341 dicitur3

1610 3346 1710 3402 sed
1739 3346 1912 3403 etiam
1940 3355 2138 3402 omnes
2168 3343 2304 3400 mali
2333 3343 2661 3413 Christiani,
2683 3343 2782 3416 qui

1610 3417 1730 3473 solo
1757 3417 1987 3474 nomine
2012 3411 2317 3474 Christiani
2341 3420 2496 3484 sunt,
2516 3422 2574 3472 et
2596 3416 2779 3472 solum

1608 3504 1818 3545 nomen
1854 3489 2066 3545 habent
2095 3486 2325 3568 Christi,
2361 3502 2393 3541 a
2435 3502 2550 3567 quo
2581 3487 2778 3558 appel-

1609 3560 1799 3617 lantur
1849 3559 2177 3618 Christiani.
2211 3573 2305 3628 qul
2357 3560 2548 3613 verbis
2599 3557 2776 3612 confi-

1608 3635 1802 3688 tentur
1822 3631 2133 3696 Christum,
2153 3628 2316 3685 factis
2335 3635 2525 3683 autem
2544 3632 2776 3708 negant,

1608 3702 1679 3758 de
1712 3702 1918 3772 quibus
1946 3701 2120 3758 etiam
2150 3698 2477 3755 verificatur
2506 3698 2660 3768 quod
2685 3699 2780 3753 hic

1610 3772 1815 3828 dicitur
1845 3788 1858 3827 ι
1891 3772 2034 3838 Quia
2075 3773 2421 3826 sustulerunt
2448 3769 2685 3839 lapides,
2717 3773 2781 3824 ut

1611 3844 1932 3914 lapidarent
1971 3857 2112 3906 eum,
2135 3840 2350 3896 scilicet
2374 3842 2589 3896 Jesum.
2625 3840 2781 3896 Unde

1609 3915 1691 3970 ait
1708 3914 2039 3970 Ambrosius
2064 3931 2081 3967 .·
2115 3933 2145 3962 «
2173 3911 2334 3978 Quod
2365 3911 2621 3966 fecerunt
2646 3914 2782 3966 tunc

1609 3983 1790 4041 Judaei
1815 3986 2245 4056 persequenteS,
2271 3983 2377 4037 hoc
2404 3997 2534 4037 vere
2569 3980 2782 4037 faciunt

1611 4055 1781 4112 hodie
1812 4054 1948 4111 mali
1978 4052 2285 4110 Christiani
2318 4052 2464 4108 male
2495 4051 2776 4120 viventes3

1610 4126 1895 4184 Christum
1934 4125 2086 4181 enim
2122 4123 2378 4196 lapidant
2405 4130 2463 4178 et
2494 4123 2774 4179 occidunt.

1609 4198 1755 4266 Quid
1806 4203 1888 4254 est
1943 4194 2245 4253 Christus?
2285 4193 2524 4262 veritae,
2564 4210 2693 4266 pax,
2722 4200 2779 4251 et

1603 4269 1843 4342 justitia.
1878 4268 1979 4336 Qui
2013 4285 2148 4340 ergo
2178 4283 2281 4341 pro
2308 4267 2550 4324 falsitate
2575 4266 2778 4323 verita-

1611 4347 1728 4400 tem
1764 4340 2189 4415 derelinquunt,
2227 4339 2325 4414 qui
2358 4351 2462 4414 pro
2490 4337 2776 4397 discordia
