3146 5023
273 331 367 382 280

276 426 520 497 diligens
570 423 862 496 inquisitio
901 423 1072 479 debet
1121 421 1446 493 praecedere

278 498 648 564 sententiam;
675 496 774 552 sed
794 495 875 551 illi
899 494 1160 549 volebant
1182 509 1446 564 perverse

275 574 410 626 ante
442 584 566 624 esse
593 568 955 623 damnatores
995 580 1163 634 quam
1194 563 1446 634 cognito-

274 656 386 698 reS.
432 639 711 696 Credebat
748 646 941 693 autem
986 634 1344 695 NicodemuS.
1399 633 1447 693 si

258 709 667 767 tantummodo
694 706 993 763 Dominum
1017 709 1209 762 Jesum
1237 705 1450 761 vellent

274 781 558 854 patienter
585 778 802 845 audire,
843 776 994 845 quod
1023 776 1259 832 verbum
1282 776 1448 833 Chri-

278 852 349 908 sti
393 856 541 907 esset
584 855 757 904 tantae
789 847 1080 915 efficaciae,
1115 847 1266 918 quod
1304 847 1449 902 forte

280 922 493 979 similes
513 920 717 975 fierent
743 918 874 981 illis.
907 917 1002 989 qui
1033 918 1105 973 ad
1138 918 1449 974 tenendum

280 1007 409 1049 eum
456 989 613 1046 missi
642 991 893 1057 fuerant,
927 994 984 1044 et
1017 989 1089 1045 ad
1124 990 1294 1045 verba
1330 990 1452 1060 ejus

280 1061 539 1118 conversi
588 1067 738 1129 sunt,
775 1063 835 1116 in
879 1075 946 1115 eo
995 1060 1146 1117 facto
1186 1060 1258 1115 ad
1298 1060 1449 1131 quod

280 1133 439 1190 missi
485 1137 681 1200 erant3
731 1136 789 1188 et
836 1131 1153 1199 crederent,
1183 1131 1329 1187 sicut
1369 1130 1451 1185 illi

281 1204 665 1260 crediderunt.
700 1206 768 1258 Et
800 1202 928 1258 ideo
959 1203 1182 1258 volebat
1211 1218 1312 1273 per
1346 1203 1452 1257 hoc

280 1292 378 1332 eos
393 1275 661 1330 inducere
682 1274 752 1329 ad
772 1273 1118 1330 audiendum
1134 1275 1449 1339 Christum,

279 1351 342 1403 ut
366 1350 828 1403 converterentur
856 1361 960 1417 per
989 1346 1162 1400 verba
1183 1345 1327 1416 ejus,
1352 1346 1475 1399 sic-.

280 1423 345 1474 ut
374 1417 547 1474 etiam
592 1416 713 1487 ipse
744 1416 850 1472 fuit
885 1431 1211 1472 conversus,
1263 1415 1453 1471 Phari-

281 1489 377 1545 saei
413 1503 543 1543 vero
578 1488 807 1544 invidia·
835 1494 894 1543 et
934 1486 1229 1543 iracundia
1255 1486 1451 1558 agitati

282 1576 397 1616 non
428 1558 770 1631 recipientes
799 1559 870 1614 de
904 1557 1142 1615 veritate
1175 1556 1452 1628 persuasi-

281 1646 473 1700 onem,
500 1630 599 1686 sed
629 1630 809 1702 magis
836 1631 1140 1686 Nicodemo
1169 1627 1451 1683 contradi-

282 1709 476 1757 centes
526 1703 924 1772 responderunt
975 1706 1027 1754 et
1058 1701 1322 1753 diruerunt
1352 1701 1408 1761 ei,
1434 1718 1451 1752 .-

956 325 1176 377 PRIMAE
1229 324 1464 377 PARTIS
1519 320 1725 376 CAPUT
1782 318 2071 374 LXXXIII
2169 310 2184 323 ²

1566 424 1627 476 in
1657 420 1874 475 domum
1900 432 2078 480 suam,
2112 419 2167 470 et
2202 412 2262 468 in
2299 409 2553 482 propria,
2584 411 2748 468 nullo

1563 491 1813 563 perfeeto
1844 487 2093 557 negotio,
2134 483 2294 561 vacui
2324 483 2460 550 fide,
2494 486 2551 538 et
2590 482 2749 538 frau-

1565 561 1681 618 dati
1712 577 1745 617 a
1775 559 1924 615 malo
1957 554 2239 613 desiderio
2264 571 2397 610 suo:
2423 554 2533 621 vel,
2561 552 2623 609 in
2652 555 2766 617 do·n

1565 649 1721 689 mum
1744 634 1927 696 suani,
1955 629 2012 684 id
2044 633 2128 684 est
2157 626 2216 682 in
2236 627 2525 697 propriam
2543 623 2751 680 -cordis

1566 701 1866 769 malitiam,
1898 699 2113 756 scilicet
2149 698 2210 764 in
2249 695 2648 752 infidelitatem
2692 703 2753 751 et

1565 774 1917 845 impietatem
1981 786 2175 834 suam,
2232 768 2398 825 valde
2461 769 2747 836 dolenteS,

1567 845 1719 917 quod
1748 845 1935 900 facere
1962 859 2076 897 non
2101 842 2406 913 potueruut
2437 837 2751 894 voluntatis

1567 933 1685 973 suae
1723 915 2102 987 propositum,
2150 911 2281 985 quia
2312 909 2613 966 consilium
2646 925 2748 965 eo·
2837 920 2846 925 ’

1565 1004 1697 1046 rum
1725 1003 1829 1059 per
1867 984 2212 1040 divisionem
2242 980 2346 1037 fuit
2385 980 2748 1050 dissipatum.

1646 1064 1707 1115 15
1747 1060 2104 1114 Cousnn'rnno
2168 1056 2384 1110 Cnms'rl
2421 1070 2478 1115 m
2533 1054 2747 1107 BETHA-

1567 1148 1702 1187 Mau
1733 1145 2088 1185 navem-num.
2120 1155 2190 1167 —
2230 1128 2386 1179 Jesus
2416 1128 2617 1189 autem,
2651 1121 2747 1192 qui

1569 1201 1977 1257 misericordiae
2015 1195 2340 1253 visceribus
2398 1195 2747 1261 abundabat,

1611 1275 1815 1328 erreoeit
1853 1275 1913 1325 in
1957 1275 2190 1324 montem
2227 1268 2449 1334 Oliveti,
2494 1265 2552 1320 in
2587 1266 2749 1334 cujus

1568 1291 1748 1399 fatere
1779 1340 2056 1400 Bethania
2088 1346 2232 1407 erat,
2274 1343 2330 1393 et
2362 1338 2561 1391 domus
2599 1338 2747 1390 Mar-

1570 1416 1708 1483 thae,
1741 1415 1800 1469 in
1844 1429 1959 1487 qua
1987 1408 2264 1481 hospitari
2309 1409 2529 1464 solebat
2565 1424 2579 1462 ι
2616 1423 2750 1462 nain

1572 1484 1842 1541 Dominus
1892 1484 2036 1539 hanc
2092 1481 2197 1538 sibi
2273 1477 2749 1536 consuetudinem

1571 1557 1806 1623 fecerat,
1838 1560 1900 1610 ut
1928 1570 2029 1627 per
2059 1552 2231 1620 diem,
2264 1550 2490 1619 quando
2521 1552 2749 1606 Jeroso-

1571 1627 1736 1698 lymis
1768 1630 1910 1694 erat,
1945 1629 2003 1680 in
2032 1624 2229 1680 diebus
2256 1622 2418 1678 festis
2445 1624 2502 1675 in
2533 1620 2748 1690 templo

1569 1697 1931 1769 praedicaret,
1959 1695 2123 1767 signa
2153 1699 2211 1750 et
2249 1694 2527 1749 miracula
2557 1704 2749 1747 osten-

281 1773 568 1842 Numquid
596 1777 648 1825 ec
695 1778 755 1826 tu
808 1771 1070 1826 Galilaeus
1095 1784 1148 1823 es
1171 1773 1199 1823 ?
1229 1772 1301 1824 Et
1333 1773 1453 1824 tan-

1572 1772 1768 1837 deret3
1803 1773 1857 1823 et
1888 1767 1948 1822 in
1981 1783 2108 1822 sero
2141 1766 2530 1820 revertebatur
2554 1762 2613 1817 in
2643 1764 2748 1817 Be-

283 1843 414 1898 dem
456 1844 662 1896 reversi
679 1846 809 1896 sunt
833 1839 1054 1896 confusi
1077 1842 1454 1910 unusquisque

1569 1838 1846 1909 thaniam,
1869 1843 1932 1911 ut
1951 1836 2030 1894 ibi
2050 1835 2389 1909 hospitando
2408 1834 2748 1907 quiesceret.

1371 2028 1654 2085 ORATIO.

358 2189 599 2247 Domine
625 2189 758 2245 Jesu
784 2185 1027 2257 Christe,
1060 2188 1132 2244 da
1157 2187 1297 2244 mihi
1328 2188 1498 2244 corde
1526 2193 1585 2244 et
1610 2188 1896 2244 desiderio
1926 2188 2235 2244 ascendere
2260 2188 2335 2244 ad
2361 2188 2511 2244 diem
2542 2187 2752 2244 festum

289 2261 671 2319 solemnitatis
702 2266 955 2327 aeternae,
987 2263 1044 2314 et
1066 2275 1156 2313 me
1187 2274 1411 2329 semper
1440 2259 1511 2314 ad
1541 2259 1697 2314 illam
1730 2274 2071 2327 praeparare,
2107 2264 2167 2313 ut
2205 2275 2336 2314 cum
2362 2266 2587 2332 tempus
2617 2257 2753 2313 visi-

287 2334 526 2388 tationis
559 2336 672 2384 tuae
704 2330 1022 2407 advenerit,
1072 2329 1145 2383 ad
1192 2331 1694 2398 contemplandum
1736 2334 1792 2383 te
1839 2330 1983 2385 facie
2018 2329 2090 2384 ad
2120 2330 2323 2385 faciem
2358 2346 2585 2387 merear
2617 2329 2756 2384 illue

283 2400 529 2458 feliciter
556 2413 914 2479 pervenire..
936 2398 979 2452 Ο
1006 2398 1132 2452 fons
1161 2398 1519 2468 aquae·vivae,
1553 2399 1684 2455 sitio
1733 2404 1789 2455 et
1820 2398 2084 2456 desidero
2115 2417 2244 2471 eg0,
2277 2399 2472 2470 miser,
2503 2401 2753 2473 gratiam

281 2476 468 2544 tuam3
491 2484 656 2526 vemo
686 2472 743 2525 et
761 2483 984 2539 suspiro
1014 2467 1086 2523 ad
1112 2474 1167 2524 te
1200 2473 1319 2525 toto
1346 2470 1552 2529 affectu
1585 2470 1885 2543 requirens
1905 2487 2032 2528 eam
2057 2490 2070 2541 ;
2091 2472 2164 2528 da
2193 2488 2327 2544 ergo
2358 2472 2497 2529 mihi
2528 2472 2749 2540 bibere,

280 2550 338 2600 et
365 2549 483 2599 tam
512 2541 876 2598 abundanter
904 2540 975 2596 de
1006 2555 1075 2596 ea
1102 2543 1422 2612 percipere,
1457 2547 1518 2598 ut
1545 2543 1697 2599 dona
1725 2542 2043 2614 gratiarum
2072 2550 2129 2599 et
2154 2544 2292 2599 mihi
2337 2543 2652 2610 sufficiant,
2695 2548 2756 2597 et

280 2630 384 2696 per
411 2611 871 2670 benevolentiam
909 2628 944 2668 a
977 2627 1066 2668 me
1104 2611 1177 2667 ad
1212 2615 1492 2683 proximos
1528 2616 1730 2682 fluant,
1767 2614 1960 2685 eisque
1992 2615 2313 2687 proficiant,
2350 2621 2409 2669 ut
2448 2621 2509 2668 tu
2545 2612 2752 2668 videns

281 2702 341 2740 111
367 2701 459 2741 me
485 2700 628 2757 opus
652 2682 1083 2752 misericordiae,
1103 2684 1386 2741 movearis
1402 2687 1738 2757 ampliorem
1752 2685 1996 2757 gratiam
2019 2685 2159 2739 mihi
2189 2685 2514 2739 infundere.
2540 2684 2745 2736 Amen.

1195 3001 1468 3075 CAPUT
1523 3002 1863 3073 LXXXIII

875 3220 951 3264 DE
997 3221 1259 3265 MULIERE
1297 3220 1358 3264 IN
1391 3219 1732 3266 ADULTERIO
1773 3218 2202 3264 DEPRERENSA:

1220 3339 1462 3444 «loannis
1492 3384 1617 3440 cap.
1645 3366 1788 3422 VIII.

373 3565 394 3600 1
426 3542 549 3598 Dum
572 3542 844 3600 Pnamsm
886 3555 1062 3598 com
1102 3541 1334 3612 emsa-0
1368 3557 1466 3596 im·

291 3632 489 3670 mamm
541 3630 860 3669 Anum-anan
906 3628 1196 3681 Accusau‘r,
1240 3628 1361 3666 mse
1408 3630 1465 3668 1N

291 3704 466 3741 Tanna
496 3702 716 3740 scmnrr.
752 3714 820 3724 -
869 3683 1138 3754 Sequenti
1169 3698 1304 3738 vero
1348 3682 1462 3754 die,

291 3759 519 3814 diliculo
539 3760 737 3812 iterum
751 3758 901 3811 venit
913 3756 943 3811 J
949 3771 1078 3810 esus
1098 3759 1159 3811 in
1182 3756 1462 3826 templum,
1481 3756 1486 3761 '

296 3831 352 3885 in
383 3845 494 3900 quo
520 3826 841 3884 ostenditur
868 3828 926 3882 in
964 3842 1032 3882 eo
1067 3830 1218 3883 zelus
1247 3827 1463 3883 anima-

294 3916 442 3969 rum,
475 3906 526 3956 et
555 3902 728 3955 omnis
765 3901 1002 3970 populus
1029 3902 1177 3954 venit
1219 3900 1292 3953 ad
1323 3915 1464 3962 eum,

296 3972 353 4028 in
385 3988 497 4043 quo
526 3976 684 4042 patet
733 3971 956 4027 devotio
986 3970 1340 4026 audientium
1369 3987 1382 4037 ;
1417 3974 1469 4025 et

295 4043 506 4111 sedens,
538 4043 763 4098 docebat
794 4059 880 4098 eos
923 4042 992 4097 de
1031 4043 1211 4097 sainte
1250 4043 1465 4097 anima-

296 4130 442 4169 rum.
471 4115 675 4171 Scribae
702 4118 904 4182 autem,
929 4111 1023 4184 qui
1052 4114 1339 4169 habebant
1370 4129 1468 4168 no-

297 4184 481 4240 titiam
514 4185 953 4257 Scripturarum,
980 4188 1031 4238 et
1058 4187 1348 4252 Pharisaei,
1371 4185 1466 4254 qui

296 4254 635 4312 videbantur
674 4271 793 4326 prae
833 4254 959 4311 aliis
998 4254 1271 4328 religiosi,
1320 4255 1465 4311 invi-

1576 3540 1773 3597 dentes
1800 3544 1857 3596 et
1887 3538 2226 3597 insidiantes
2255 3539 2330 3611 ei,
2370 3542 2469 3613 qui
2499 3544 2756 3602 sciebant

1578 3626 1708 3668 eum
1739 3627 1863 3667 esse
1892 3621 2252 3669 mansuetum
2274 3618 2330 3668 et
2345 3613 2755 3672 misericordias

1575 3682 2031 3755 praedicatorem,
2063 3689 2118 3740 et
2152 3686 2223 3741 ob
2253 3686 2360 3741 hoe
2394 3687 2605 3742 habere
2640 3703 2755 3758 po·-

1578 3756 1693 3826 puli
1721 3754 1965 3824 gratiam
2001 3760 2057 3810 et
2084 3757 2356 3824 savorem,
2390 3758 2679 3813 adducunt
2706 3762 2758 3813 ei

1577 3828 1858 3881 mulierem
1889 3830 1949 3882 in
1970 3828 2242 3882 adulterio
2273 3829 2682 3898 deprehensam,
2701 3834 2757 3885 et

1579 3899 1650 3953 ob
1672 3899 1779 3953 hoc
1800 3898 2111 3953 secundum
2134 3900 2337 3970 Legem
2362 3899 2752 3970 lapidandam.

1579 3972 1651 4024 Et
1694 3974 2007 4024 statuerunt
2047 3985 2165 4024 eam
2207 3973 2272 4026 in
2309 3974 2509 4035 medie,
2544 3977 2605 4026 ut
2630 3988 2753 4027 om-

1582 4042 1740 4096 nium
1765 4056 1864 4095 ore
1884 4040 2363 4097 condemnaretur
2378 4042 2448 4096 ad
2474 4048 2749 4111 mortem3

1579 4112 1873 4180 tentando,
1924 4118 2312 4180 exspectantes
2366 4112 2573 4170 Christi
2619 4129 2755 4168 sen-

1578 4182 1836 4251 tentiam,
1872 4187 1928 4239 et
1976 4187 2295 4254 quaerentes
2325 4186 2463 4254 quid
2511 4187 2579 4239 de
2632 4184 2756 4255 ipsa

1577 4252 1898 4312 faciendum
1937 4260 2107 4326 esset,
2150 4261 2213 4312 ut
2250 4254 2296 4311 si
2330 4270 2458 4313 eam
2505 4254 2752 4327 lapidari
