3146 5023
435 350 528 403 340
1170 340 1387 394 Palm:
1442 340 1685 394 PARTIS
1742 340 1955 393 CAPUT
2013 339 2158 393 xcu

439 451 575 511 latio
607 447 920 520 religionis.
956 446 1208 503 Primum
1246 445 1604 526 est-erroris3

436 522 771 589 secundum,
788 515 1188 585 simulationis;
1208 520 1464 597 tertium,
1478 531 1605 597 pra·

431 594 484 651 vi
518 591 712 650 moris.
749 588 1023 657 Primum,
1079 591 1390 657 corrumpit
1432 590 1607 643 ratio·

428 680 600 733 nem;
642 660 980 728 secundum,
1014 656 1433 737 intentionem3
1492 662 1607 738 ter-

427 736 592 804 tium,
631 730 1046 805 operationem.
1080 730 1161 785 De
1189 726 1279 784 his
1306 728 1494 784 tribus
1520 727 1606 783 di-

426 806 503 864 cit
528 802 831 877 Apostolus
872 803 1038 858 :Non
1074 800 1135 854 in
1160 800 1428 867 fermento
1466 803 1607 854 veta-

427 881 501 946 ri,
519 878 791 947 quantum
806 871 880 927 ad
908 868 1157 942 primum
1177 884 1382 939 meque
1407 871 1468 925 in
1483 870 1605 937 fer-

426 952 604 1004 mento
632 944 913 1015 nequitiae,
945 945 1223 1012 quantum
1268 939 1342 997 ad
1386 955 1605 1022 secun—

430 1019 568 1075 dum
588 1035 607 1085 ς
632 1020 685 1071 et
698 1015 951 1081 malitiae,
966 1016 1239 1083 quantum
1258 1011 1333 1067 ad
1350 1015 1603 1067 tertium.

430 1087 554 1158 Vel,
595 1084 908 1143 secundum
931 1082 1237 1155 quosdam.
1257 1082 1606 1163 fermentum

431 1156 672 1215 Herodis
705 1160 871 1214 vocat
917 1152 1094 1210 etiam
1132 1153 1459 1210 doctrinam
1484 1169 1608 1209 cor-

430 1234 718 1302 ruptivam
774 1225 1255 1294 Herodianorum,
1297 1222 1607 1280 dicentium

430 1300 714 1358 Herodem
763 1294 1072 1354 Christum.
1113 1293 1212 1351 lsti
1270 1294 1603 1364 Herodiani,

430 1370 745 1429 secundum
789 1383 911 1437 eos,
957 1367 1185 1423 suerunt
1235 1365 1469 1437 quidam
1512 1368 1608 1423 Ju-

428 1441 562 1511 daei,
597 1440 881 1510 fingentes
908 1436 1220 1509 quamdam
1249 1441 1465 1493 sectam
1495 1452 1603 1518 no-

427 1529 580 1582 vam,
610 1511 865 1567 dicentes
894 1508 966 1564 de
996 1506 1221 1565 Herode
1249 1507 1602 1577 Ascalonita,

429 1584 583 1655 quod
608 1586 735 1639 erat
763 1578 1020 1648 MessiaS,
1062 1577 1202 1635 moti
1233 1578 1377 1635 salso
1428 1577 1605 1634 intel-

429 1656 583 1711 lectu
611 1652 767 1710 illius
806 1650 958 1724 quod
994 1648 1202 1706 dicitur
1248 1648 1310 1705 in
1354 1647 1602 1706 Genesi:

426 1728 551 1785 Non
579 1726 866 1792 auferetur
891 1726 1136 1791 sceptum
1160 1721 1228 1776 de
1261 1721 1430 1788 Iuda,
1456 1724 1601 1790 etc.;

428 1796 529 1852 ubi
557 1793 768 1852 dicitur
795 1790 1186 1874 quodablatio
1212 1790 1374 1861 regni
1393 1806 1431 1846 a
1448 1790 1604 1871 tribu

425 1866 590 1922 Judae
614 1867 739 1920 erat
774 1876 1002 1933 signum
1040 1861 1320 1917 adventus
1356 1864 1600 1919 Messiae.

429 1938 540 1992 Iste
569 1939 761 1992 autem
790 1932 1044 1989 Herodes
1073 1930 1323 1988 obtinuit
1358 1948 1603 2004 regnum

426 2006 591 2077 illud,
635 2020 763 2061 cum
824 2008 1021 2059 tamen
1064 2001 1414 2074 alienigena,
1466 2003 1604 2074 quia

428 2081 595 2150 pater
621 2076 745 2148 ejus
771 2073 877 2132 suit
902 2074 1185 2131 Idumaeus
1229 2079 1288 2131 et
1348 2074 1440 2131 uia
1455 2075 1602 2131 Mes-

431 2148 576 2206 siam
635 2145 981 2220 promissum
1066 2116 1321 2218 intellige
1365 2150 1464 2203 ant
1517 2144 1603 2201 illi

429 2235 678 2291 regnare
724 2216 1136 2289 temporaliter,
1180 2232 1284 2273 nec
1335 2217 1605 2274 videbant

430 2290 607 2347 alium
663 2293 802 2346 tunc
857 2304 1101 2360 regnare
1153 2286 1216 2343 in
1243 2288 1461 2356 Judaea,
1494 2285 1601 2342 nisi

429 2361 582 2416 hunc
621 2359 934 2425 Herodem;
980 2357 1110 2413 ideo
1159 2357 1425 2414 dixerunt
1470 2372 1601 2412 eum

429 2446 554 2486 esse
589 2426 874 2492 Messiam‚
923 2442 1052 2481 cum
1083 2430 1275 2481 tamen
1304 2426 1603 2498 prophetia

426 2500 605 2559 Jacob
620 2495 917 2571 praedicta,
933 2504 1105 2562 esset,
1134 2497 1443 2554 secundum
1460 2496 1605 2555 veri-

424 2575 627 2637 tatem,
664 2570 737 2626 de
774 2567 1023 2639 Christo,
1070 2572 1323 2641 tempore
1361 2569 1602 2626 Herodis

421 2651 582 2714 nato,
621 2638 1017 2714 intelligenda.
1050 2640 1135 2697 Ab
1164 2639 1257 2696 his
1301 2656 1437 2712 ergo
1476 2657 1597 2697 om·

420 2714 591 2772 nibus
624 2716 818 2770 monet
840 2711 1149 2785 discipulos
1179 2727 1401 2782 cavere,
1434 2727 1508 2768 ne
1536 2711 1601 2767 in

422 2785 513 2842 his
540 2782 922 2865 consentiant,
974 2782 1064 2840 vel
1103 2783 1225 2838 baec
1275 2782 1335 2839 in
1373 2781 1457 2839 eis
1501 2798 1602 2854 ap-

421 2855 745 2930 probando,
776 2853 865 2910 vel
902 2871 963 2910 in
1020 2852 1111 2909 his
1151 2868 1249 2909 eos
1293 2852 1595 2910 imitando.

421 2931 545 2988 Non
573 2926 730 2985 enim
768 2924 1078 2982 vivendum
1108 2930 1196 2980 est
1233 2926 1295 2979 in
1325 2926 1598 2993 termento

421 3002 615 3070 veteri,
648 3001 926 3071 quantum
952 2996 1026 3053 ad
1040 3010 1369 3067 perversam
1394 2994 1602 3051 doctri-

422 3086 601 3140 nam;
658 3084 833 3140 neque
888 3071 952 3125 in
1010 3069 1278 3135 fermento
1342 3068 1599 3136 malitiae,

425 3148 701 3214 quantum
746 3141 821 3196 ad
863 3153 1087 3195 morum
1147 3135 1507 3210 pravitatem,
1528 3142 1602 3219 ‘et

426 3214 707 3283 nequitiae,
739 3215 1012 3282 quantum
1047 3209 1121 3265 ad
1170 3207 1495 3265 simulatam
1517 3225 1603 3279 Ju-

433 3281 680 3350 stitiam;
727 3280 824 3335 sed
869 3283 931 3336 in
978 3282 1191 3349 azymis
1236 3282 1597 3348 sinceritatis,

427 3351 615 3425 quoad
650 3349 826 3405 vitam
856 3355 914 3405 et
938 3349 1338 3421 intentionem,
1366 3354 1420 3406 et
1447 3352 1599 3405 veri-

428 3425 583 3490 tatis,
616 3420 805 3493 quoad
834 3418 1175 3476 doctrinam.

498 3499 535 3563 4
564 3495 750 3550 Emion
773 3492 1175 3547 Apes-romum
1200 3507 1410 3547 nurmx
1438 3509 1602 3549 miru-

424 3583 617 3623 urnn.
666 3592 738 3606 —
781 3564 859 3619 At
907 3562 1017 3626 illi,
1066 3560 1125 3617 id
1167 3565 1254 3617 est
1310 3560 1595 3634 discipuli,

422 3637 638 3694 dictum
669 3631 895 3692 Domini
922 3630 1310 3715 intelligentes
1348 3634 1418 3689 de
1447 3649 1596 3705 pane

421 3709 760 3766 fermentato
808 3712 866 3761 et
924 3704 1228 3773 materiali,
1278 3705 1596 3775 coqitabant

416 3783 569 3836 intra
619 3794 676 3835 se
727 3778 969 3833 dicentes
989 3818 1005 3848 ,
1064 3778 1314 3849 quodam
1371 3777 1593 3834 occulto

417 3866 729 3919 murmure,
790 3852 888 3904 uia
905 3864 1075 3920 panes
1102 3866 1213 3906 non
1240 3851 1549 3921 accepimus
1566 3852 1595 3905 ‘P

416 3924 535 3978 Hoc
570 3922 699 3978 ideo
777 3920 895 3990 icit,
935 3919 1069 3992 quia
1109 3937 1224 3977 non
1270 3919 1390 3977 vult
1439 3920 1593 3991 quod

414 3994 487 4050 de
497 4009 648 4066 pane
663 3991 1079 4049 Pharisaeorum
1096 3992 1435 4049 fermentato
1449 3991 1594 4047 acci-

410 4063 657 4136 piamus.
682 4065 965 4120 Putabant
990 4062 1144 4120 enim
1175 4079 1235 4119 se
1266 4079 1392 4119 esse
1417 4063 1590 4120 tacite

412 4140 645 4193 notatos
673 4135 744 4191 de
766 4150 978 4207 panum
1008 4133 1314 4203 oblivione,
1350 4138 1408 4191 et
1435 4134 1589 4206 quod

406 4206 491 4263 ad·
531 4207 804 4274 litteram,
833 4205 905 4262 de
937 4221 1089 4278 pane
1123 4206 1464 4262 sermentato
1498 4205 1586 4263 lo-

410 4282 703 4350 queretur,
745 4293 817 4333 ne
866 4277 939 4333 ab
989 4276 1072 4334 eis
1125 4276 1484 4349 acciperent;
1516 4294 1585 4335 eo

1716 444 1866 517 quod
1908 460 2088 516 panes
2135 458 2329 500 secum
2366 461 2485 501 non
2513 446 2924 518 accepissent.

1714 516 1996 572 Errabant
2050 514 2308 586 Apostoli
2355 514 2417 570 in
2455 515 2687 574 duobus
2737 534 2754 573 ε
2791 518 2927 589 quia

1715 590 1773 643 et
1801 586 1872 643 de
1912 601 2128 659 panum
2167 585 2390 642 defectu
2426 586 2827 656 dubitabant,
2860 605 2925 645 eo

1714 657 1869 729 quod
1915 672 2096 729 panes
2134 673 2252 712 non
2290 656 2634 728 attulerant;
2671 664 2748 715 et
2789 659 2928 730 quia

1715 730 1952 797 verbum
1981 726 2207 784 Domini
2227 728 2299 783 de
2322 727 2607 786 fermento
2638 730 2727 786 ad
2764 729 2924 787 litte-

1715 814 1840 856 ram
1874 797 2192 871 capiebant.
2227 796 2419 855 Primo
2455 816 2594 870 ergo
2630 816 2925 871 arguun-

1713 874 1809 926 tur
1837 869 1908 926 de
1976 868 2144 938 rim0,
2178 868 2395 926 scilicet
2422 871 2577 942 quod
2615 871 2926 930 timebant

1713 940 2923 1082 &afflagifffflssnffiffifssfflissassssmss'

1714 1098 1887 1154 quam
1903 1084 2077 1153 Deus,
2108 1081 2298 1153 arguit
2315 1098 2415 1139 eos
2442 1083 2515 1140 de
2544 1083 2683 1141 fidei
2715 1056 2920 1141 {nodi-

1716 1152 1908 1223 citate,
1939 1153 2095 1225 quia,
2130 1169 2200 1210 eo
2231 1160 2535 1225 praesente,
2567 1171 2636 1211 ac
2668 1172 2823 1213 cum
2855 1172 2921 1213 eo

1714 1223 1994 1281 timebant
2015 1239 2183 1309 posse
2212 1240 2402 1296 egere,
2435 1230 2492 1282 et
2516 1226 2669 1282 dimit
2703 1246 2724 1282 ε
2762 1228 2921 1295 Quid

1716 1298 1975 1364 coqitatis
2004 1300 2156 1351 intra
2183 1311 2279 1351 vos
2307 1297 2532 1353 modicae
2569 1297 2732 1367 fidei,
2773 1300 2920 1368 quia

1708 1382 1884 1437 panes
1932 1382 2041 1423 non
2089 1366 2324 1436 habetis,
2355 1371 2414 1423 et
2455 1384 2548 1424 me
2583 1368 2813 1425 dixisse
2844 1369 2917 1425 de

1713 1436 1956 1509 panibus
1984 1436 2249 1506 terreniS,
2281 1437 2353 1494 de
2378 1437 2586 1510 quibus
2627 1439 2915 1497 dubitare

1712 1523 1831 1564 non
1861 1507 2149 1565 deberetis
2167 1509 2195 1564 Ἰ
2224 1508 2439 1565 Panem
2471 1509 2625 1579 vitae,
2648 1526 2794 1582 quae
2826 1514 2918 1568 est

1714 1594 1886 1637 causa
1912 1577 2168 1636 omnium
2192 1594 2431 1652 panum,
2463 1596 2655 1637 secum
2715 1583 2912 1640 habe-

1713 1650 1881 1719 bant;
1908 1654 1966 1707 et
1994 1649 2123 1706 ideo
2149 1650 2220 1707 de
2251 1666 2460 1722 panum
2482 1652 2710 1709 defectu
2733 1652 2911 1711 dubi-

1713 1726 1838 1778 tare
1886 1737 2004 1777 non
2050 1721 2355 1779 debebant.
2389 1724 2509 1779 Hoc
2552 1729 2776 1794 autem,
2811 1741 2912 1781 se·

1712 1792 1964 1849 cundum
2002 1793 2466 1863 chrysostomum,
2493 1793 2778 1853 Dominus
2819 1796 2907 1852 fa-

1712 1862 1808 1931 cit,
1838 1867 1901 1919 ut
1936 1862 2377 1921 sollicitudinem
2415 1880 2677 1922 escarum
2700 1868 2783 1924 ab
2822 1865 2910 1923 eis

1711 1933 1962 2006 abjiciat.
2002 1934 2171 2001 Quasi
2202 1934 2311 1990 illis
2336 1933 2554 1992 diceret
2581 1953 2595 1991 z
2627 1939 2695 1992 Et
2728 1937 2906 1994 factis

1712 2004 1858 2062 meis
1875 2004 2333 2077 praecedentibus
2353 2011 2410 2062 et
2425 2006 2690 2063 doctrina
2714 2008 2902 2066 debe·

1711 2075 1851 2133 retis
1876 2075 1957 2132 sic
1979 2092 2106 2132 esse
2125 2074 2454 2146 illuminati,
2472 2078 2625 2150 quod
2642 2080 2898 2136 verbum

1711 2145 2329 2218 meum'intelligeretis
2356 2164 2475 2204 non
2497 2149 2572 2204 de
2599 2164 2754 2220 pane
2775 2167 2897 2208 ma·

1709 2216 1920 2286 teriali,
1965 2217 2100 2289 quia
2153 2218 2225 2274 de
2276 2218 2384 2274 hoc
2429 2234 2663 2290 possum
2721 2222 2896 2279 vobis

1712 2288 2062 2345 sufficienter
2104 2288 2425 2359 providere.
2458 2291 2621 2358 Quod
2678 2293 2897 2363 probat

1710 2358 1921 2484 duplici
1951 2358 2233 2431 exemplo,
2259 2358 2321 2416 in
2349 2376 2461 2432 quo
2490 2377 2765 2433 magnam
2794 2379 2898 2436 po-

1749 2447 1787 2486 u
1812 2431 1829 2484 i
1857 2429 2279 2487 multitudinem
2323 2431 2548 2488 satiavit
2592 2448 2773 2504 parvo
2807 2434 2892 2491 ci-

1748 2518 1803 2558 o.
1824 2502 1984 2558 Unde
2011 2500 2230 2574 subditi:
2254 2503 2511 2562 Nondum
2535 2506 2718 2560 intelli
2775 2508 2889 2576 ’tis,

1710 2571 1925 2629 scilicet
1945 2572 2278 2655 mysterium
2297 2590 2312 2643 ;
2338 2590 2474 2630 nam
2502 2574 2548 2631 si
2574 2591 2677 2647 per
2699 2521 2889 2647 gaes

1707 2642 2048 2715 intelligitur
2078 2644 2342 2700 doctrina
2370 2661 2530 2715 sana,
2556 2647 2890 2705 necessario

1707 2729 1813 2786 per
1839 2714 2186 2771 fermentum
2215 2715 2393 2772 intelli
2439 2715 2552 2773 'tur
2578 2727 2889 2800 corrupta;

1707 2800 1881 2855 neque
1907 2786 2298 2855 recordamini,
2323 2786 2405 2842 sci
2431 2787 2540 2844 'cet
2567 2787 2800 2846 virtutis
2830 2791 2891 2847 in

1708 2855 2179 2928 multiplicatione
2223 2872 2455 2927 panum,
2487 2859 2643 2916 unde
2689 2876 2750 2916 se
2798 2860 2887 2917 ui-

1707 2930 1824 2998 tur,
1853 2929 2099 2998 quinque
2115 2944 2349 2999 panum,
2370 2928 2589 2986 scilicet
2615 2930 2785 2988 distri
2835 2949 2893 2989 u·

1706 3001 1922 3069 torum,
1951 3001 2014 3054 in
2056 3000 2299 3069 quinque
2339 3001 2526 3056 millia
2572 3003 2884 3074 hominum,

1708 3074 1763 3125 et
1800 3074 1934 3140 quot
1973 3072 2232 3141 cophinos
2273 3074 2615 3142 sumpsistis,
2640 3072 2713 3130 de
2741 3075 2889 3131 resi-

1707 3139 1861 3196 duo?
1888 3143 2077 3210 Neque
2126 3145 2330 3212 septem
2373 3159 2609 3213 panum,
2663 3143 2887 3203 scilicet

1706 3209 2163 3280 distributorum,
2190 3214 2252 3267 in
2285 3219 2524 3283 quatuor
2556 3216 2742 3270 millia
2781 3218 2885 3273 ho-

1707 3284 1939 3351 minum,
1993 3288 2046 3338 et
2105 3287 2239 3353 quot
2284 3289 2504 3355 sportas
2558 3301 2680 3341 sum
2720 3289 2884 3345 sistis

1707 3351 2202 3426 fragmentorum?
2230 3355 2472 3412 Reducit
2502 3371 2600 3413 eos
2639 3372 2673 3412 a
2756 3373 2883 3415 me·

1707 3423 1950 3481 moriam
1977 3423 2382 3482 miraculorum
2423 3427 2494 3484 de
2538 3426 2791 3499 quinque
2822 3435 2879 3485 et

1708 3499 1927 3566 septem
1982 3494 2247 3566 panibus,
2277 3501 2342 3554 ut
2392 3498 2684 3555 confidant
2724 3501 2878 3571 quod

1706 3564 1725 3621 i
1769 3581 1828 3623 se
1877 3569 2072 3638 pascet
2125 3566 2297 3638 ipsos,
2327 3566 2426 3639 qui
2463 3569 2623 3641 pavit
2659 3572 2875 3628 turbas,

1707 3581 1878 3704 &nasi
1910 3636 2125 3694 diceret
2154 3655 2167 3695 :
2198 3639 2323 3695 Non
2348 3642 2435 3695 est
2470 3640 2634 3697 vobis
2669 3641 2874 3698 timen-

1705 3708 1867 3778 dum,
1908 3723 2037 3765 cum
2092 3707 2163 3764 de
2217 3714 2334 3765 tam
2381 3710 2577 3782 paucis
2631 3712 2878 3784 panibus

1703 3782 1891 3836 tantas
1920 3777 2028 3834 feci
2061 3780 2355 3837 abundare
2390 3781 2686 3853 reliquias.
2716 3785 2878 3841 Unde

1705 3852 2116 3920 chrysostomus
2144 3869 2161 3906 ε
2194 3872 2223 3903 «
2253 3853 2362 3908 Per
2386 3853 2495 3909 hoc
2532 3853 2594 3909 in
2644 3870 2875 3912 memo—

1701 3922 1847 3978 riam
1873 3920 1956 3978 eis
1974 3920 2195 3978 reducit
2212 3938 2282 3978 ea
2303 3938 2429 3994 quae
2450 3924 2870 3995 praeterierunt,

1702 3997 1760 4048 et
1811 3993 1885 4049 ad
1950 3993 2141 4049 futura
2214 3993 2552 4051 attentiores
2625 3995 2778 4053 facit.
2842 4017 2871 4051 »

1700 4062 1916 4120 Deinde
1964 4068 2281 4135 arguuntur
2316 4066 2387 4122 de
2425 4067 2691 4137 secund0,
2726 4068 2874 4125 scili-

1700 4139 1790 4191 cet
1826 4135 1978 4208 quod
2004 4136 2293 4193 habebant
2318 4137 2602 4194 desectum
2641 4138 2872 4195 intelle-

1699 4211 1823 4263 ctus
1860 4205 2189 4279 spiritualiS,
2227 4224 2357 4265 cum
2397 4208 2648 4266 dicitur:
2690 4211 2872 4277 Quare

1697 4294 1806 4334 non
1833 4279 2176 4353 intelliqitis,
2206 4278 2423 4337 scilicet
2453 4297 2467 4337 2
2500 4283 2637 4352 quia
2659 4297 2767 4337 non
2800 4283 2869 4342 de
