3146 5023
627 365 713 420 ns
768 366 1026 422 ouonus
1077 341 1502 425 oamouiic'is
1555 372 1595 424 A
1649 369 1938 424 Lemouii
1993 368 2326 423 onssss1s
2650 372 2710 424 ιτ

1203 691 1477 765 CAPUT
1526 694 1762 806 van

583 926 664 970 DE
710 925 991 972 DUOBUS
1040 925 1495 975 nimmumcls
1543 930 1586 974 A
1636 931 1948 978 nemone·
2000 930 2371 979 onsnssts.

686 1113 939 1170 Matthaei
964 1128 1089 1185 cap.
1118 1114 1261 1185 vlu,
1279 1116 1452 1188 Marci
1482 1131 1607 1188 cap.
1634 1118 1682 1174 V
1705 1124 1763 1176 et
1787 1117 1954 1175 Lucae
1975 1134 2099 1191 cap.
2125 1120 2273 1176 VIII.

323 1337 343 1370 1
428 1313 709 1368 Daemones
795 1326 993 1366 comm
1072 1325 1437 1371 comm-numa

246 1386 550 1449 (ἔπιε-τοι,
586 1399 743 1438 cums
796 1398 1102 1438 PRAESErmA
1157 1399 1436 1447 TORQUEN-

246 1474 378 1513 mn.
421 1485 489 1497 -
520 1456 660 1510 Cum
698 1459 889 1509 autem
918 1455 1077 1510 Jesus
1098 1457 1154 1509 et
1178 1455 1437 1526 discipuli

250 1529 381 1599 ejus
418 1525 897 1592 transfretassent,
924 1530 981 1580 et
1003 1540 1158 1580 mare
1187 1525 1433 1585 Galilaeae

248 1596 665 1666 transivissent,
733 1601 998 1652 venerunt
1044 1599 1105 1652 in
1157 1600 1432 1665 regionem

251 1670 671 1731 Gerasenorum,
726 1682 848 1737 quae
896 1672 976 1737 est
1032 1675 1222 1727 contra
1270 1669 1430 1726 Gali-

251 1742 428 1797 laeam.
498 1738 709 1794 Gerasa
775 1737 983 1809 quippe
1047 1746 1133 1795 est
1189 1741 1431 1812 insignis

249 1811 448 1867 civitas
481 1807 730 1875 Arabiae,
767 1809 875 1864 sita
902 1814 1061 1864 trans
1090 1812 1428 1882 Jordanem‚

243 1884 405 1955 juxta
438 1885 695 1936 montem
730 1880 961 1945 Galaad,
1000 1880 1059 1935 in
1097 1898 1209 1953 quo
1240 1884 1431 1939 Laban

251 1951 688 2023 comprehendit
738 1951 959 2020 Jacob;
1000 1951 1058 2006 in
1110 1954 1264 2010 tribu
1309 1956 1428 2011 Ma-

250 2039 435 2092 nasse,
465 2038 584 2077 non
610 2021 781 2094 longe
810 2038 844 2077 a
862 2027 1063 2093 stagno
1091 2025 1426 2098 Tiberiadis,

250 2112 317 2151 ex
355 2094 618 2165 opposito
657 2092 892 2148 Galilaea
939 2097 1140 2164 stagno
1187 2094 1426 2169 interja-

252 2171 439 2235 cente,
479 2180 516 2219 a
574 2179 687 2234 qua
743 2164 968 2219 civitate
1028 2165 1429 2224 denominatur

248 2236 407 2308 regio
439 2235 875 2292 Gerasenorum.
926 2237 1020 2299 Et,
1043 2252 1165 2292 cum
1197 2238 1266 2294 de
1294 2239 1427 2295 navi

250 2312 388 2364 esset
448 2323 486 2361 a
528 2311 734 2363 terram
776 2320 1043 2375 egressus,
1079 2315 1430 2366 occurrerunt

249 2382 299 2434 ei
332 2379 443 2434 duo
500 2378 764 2433 homines
810 2377 1081 2434 daemonia
1144 2381 1424 2452 habentes,

246 2452 381 2506 saevi
402 2451 575 2505 nimis
604 2467 622 2503 ε
680 2449 816 2520 quia
862 2449 924 2504 in
974 2463 1059 2505 se·
1088 2455 1143 2505 et
1179 2450 1238 2506 in
1285 2451 1428 2508 alios

246 2522 577 2590 saeviebant,
622 2535 739 2575 non
779 2520 914 2590 quia
947 2521 1288 2579 daemoniaci
1321 2524 1426 2580 ali-

247 2592 381 2665 quid
413 2592 651 2674 possint,
694 2592 803 2646 nisi
839 2598 1113 2662 quantum
1165 2594 1315 2651 Deus
1344 2596 1428 2651 eis

248 2662 576 2735 permittit3
634 2666 720 2718 ita
768 2666 830 2717 ut
886 2678 1040 2718 nemo
1096 2670 1284 2735 posset
1323 2682 1428 2736 per

246 2737 394 2791 viam
427 2734 590 2788 illam
616 2734 878 2802 transire,
907 2734 1015 2790 hoc
1041 2736 1194 2791 enim
1236 2735 1424 2793 inten-

249 2806 387 2862 dunt
462 2804 759 2860 saevientes
825 2803 887 2859 in
955 2820 1061 2861 nos
1117 2806 1423 2878 daemoneS‚

248 2877 469 2932 scilicet
512 2875 807 2931 obstruere
866 2875 1030 2932 nobis
1081 2877 1231 2933 viam
1267 2879 1420 2948 vitae,

248 2951 507 3003 ememtes
566 2946 633 3001 de
687 2949 1071 3017 monumentis,
1126 2946 1186 3003 in
1221 2949 1424 3018 quibus

247 3017 590 3075 habitabant
616 3023 672 3073 et
708 3017 1058 3075 domicilium
1111 3019 1418 3076 habebant.

248 3090 382 3145 Ideo
418 3088 481 3144 in
520 3086 899 3144 monumentis
936 3088 1264 3160 Gentilium,
1324 3090 1422 3148 ubi

246 3175 492 3230 corpora
516 3174 715 3215 eorum
745 3159 967 3229 sepulta
991 3164 1177 3230 erant,
1205 3161 1420 3217 daemo-

247 3246 349 3287 nes
429 3230 794 3300 habitabant,
823 3236 1115 3302 tamquam
1170 3231 1422 3289 babituri

246 3318 417 3375 super
500 3316 736 3372 corpora
812 3316 1011 3358 eorum
1084 3307 1421 3373 potestatem

247 3380 371 3444 post
397 3372 705 3445 judicium,
732 3387 903 3442 super
929 3389 1171 3444 quorum
1203 3376 1424 3431 animas

245 3450 585 3518 potestatem
620 3445 740 3515 jam
770 3443 1079 3501 habebant.
1111 3446 1176 3500 In
1224 3461 1423 3501 monu-

243 3517 454 3572 mentis
503 3515 675 3571 etiam
728 3516 1033 3586 aliquando
1084 3516 1420 3590 daemoniaci

244 3587 508 3643 habitant
539 3609 553 3642 ι
587 3591 649 3642 ut
700 3601 803 3656 per
843 3586 951 3642 hoc
989 3586 1275 3643 daemones
1301 3592 1418 3643 ter-

243 3673 436 3713 rorem
496 3657 823 3714 hominibus
858 3656 928 3712 de
983 3659 1282 3715 animabus
1319 3659 1416 3714 de·

244 3729 573 3784 functorum
616 3727 902 3799 ingerant.
951 3734 1010 3784 et
1057 3731 1231 3785 etiam
1283 3729 1418 3799 quia

244 3801 304 3856 in
331 3801 576 3854 mortuis
614 3799 901 3869 operibuS,
931 3798 989 3854 id
1015 3805 1102 3855 est
1138 3800 1196 3855 in
1225 3813 1420 3870 pecca-

244 3871 321 3927 tis
344 3870 702 3925 delectantur
726 3876 786 3926 et
812 3870 1096 3942 gaudent;
1128 3871 1224 3941 qui
1247 3870 1416 3927 etiam

242 3940 645 3998 vinciebantur
673 3940 906 4011 cateniS,
946 3947 1004 3998 et
1031 3942 1420 4013 compedibuS,

243 4018 301 4070 et
348 4013 533 4083 ruptis
589 4013 830 4068 vinculis
879 4013 1200 4080 agebantur
1234 4012 1294 4068 in
1319 4012 1417 4068 de·

241 4089 399 4141 serto
436 4099 473 4138 a
504 4083 878 4139 daemonibuS.
914 4082 1011 4139 His
1042 4084 1255 4140 similes
1289 4089 1419 4139 sunt

242 4155 375 4211 mali
406 4154 685 4226 religiosi,
717 4170 860 4225 quos
886 4153 1115 4211 vincula
1143 4154 1418 4211 obedien-

239 4226 335 4282 tiae
402 4229 463 4281 et
499 4226 973 4281 constitutionum
1035 4241 1151 4281 non
1191 4231 1421 4297 possunt

239 4301 462 4365 tenere,
514 4296 656 4367 quin
682 4303 886 4353 exeant
915 4297 987 4354 de
1016 4297 1418 4367 monumentis,

358 4394 507 4448 'Vn-A
537 4394 674 4446 stu
710 4393 953 4455 Cnmsrr,
987 4393 1174 4446 Totus
1209 4393 1290 4445 11.

1552 1315 1611 1371 id
1640 1321 1725 1371 est
1752 1315 1823 1372 de
1869 1315 2146 1385 claustris,
2175 1314 2237 1370 in
2263 1314 2470 1386 quibus
2502 1318 2718 1373 mundo

1552 1385 1763 1443 mortui
1797 1385 2004 1441 debent
2039 1401 2186 1452 esse,
2217 1392 2273 1442 et
2306 1387 2413 1441 hoc
2438 1385 2511 1441 ad
2540 1402 2715 1461 nego-

1549 1459 1629 1513 tia
1659 1455 1940 1513 secularia
1979 1456 2067 1511 vel
2114 1456 2354 1523 inutilia,
2395 1472 2494 1513 seu
2543 1460 2715 1515 etiam

1548 1529 1720 1597 mala,
1774 1526 2105 1583 exercenda.
2160 1529 2234 1582 Et
2282 1542 2397 1582 ecce
2449 1527 2717 1585 virtutem

1548 1600 1650 1656 Dei
1686 1599 2013 1661 sentientes,
2064 1603 2235 1667 atque
2286 1614 2354 1653 ex
2389 1613 2597 1670 magno
2649 1599 2718 1655 ti-

1545 1687 1726 1735 more,
1760 1685 1873 1725 non
1906 1685 1972 1725 ex
2004 1667 2344 1734 humilitate,
2371 1674 2498 1724 ante
2525 1671 2718 1726 Jesum

1545 1742 1924 1811 procidentes,
1980 1755 2109 1796 eum
2183 1740 2586 1811 adoraverunt,
2662 1746 2721 1798 et

1541 1814 1934 1879 clamaverunt,
2000 1812 2214 1867 scilicet
2293 1812 2496 1881 coacti,
2575 1828 2715 1870 voce

1541 1900 1769 1957 magna.
1799 1885 1869 1939 Ut
1898 1883 2050 1938 enim
2084 1883 2166 1938 ait
2187 1883 2444 1937 Hilarius
2476 1905 2490 1940 ε
2526 1901 2554 1935 «
2583 1885 2712 1940 Non

1541 1961 1629 2010 est
1655 1952 1958 2011 voluntatis
1988 1953 2286 2017 confessio,
2335 1953 2434 2008 sed
2462 1955 2712 2010 necessi-

1544 2027 1672 2081 tatis
1700 2026 1968 2094 extorsio,
1998 2025 2131 2095 quia
2161 2025 2365 2079 timent
2410 2024 2533 2094 ejus
2575 2041 2717 2094 prae·

1539 2098 1839 2154 sentiam.»
1876 2096 2261 2153 clamaverunt
2275 2109 2412 2165 ergo
2434 2095 2672 2151 dicentes
2695 2116 2714 2151 ε

1541 2168 1690 2234 Quid
1737 2168 1895 2224 nobis
1945 2172 1997 2222 et
2047 2167 2172 2229 tibi,
2238 2168 2368 2220 Jesu
2410 2166 2525 2219 Fili
2552 2168 2708 2220 Dei?

1543 2239 1715 2305 Quasi
1754 2240 2055 2295 dicerent:
2097 2236 2243 2291 Nihil
2272 2242 2355 2291 est
2405 2250 2706 2292 commune

1543 2310 1646 2365 tibi
1675 2315 1732 2365 et
1755 2310 1918 2365 nobis
1948 2325 1962 2377 ;
1994 2313 2059 2363 tu
2110 2309 2275 2375 Deus,
2317 2322 2419 2361 nos
2446 2306 2662 2363 diaboli·
2691 2327 2708 2378 3

1542 2388 1604 2437 tu
1642 2379 1889 2447 humilis,
1922 2395 2028 2435 nos
2071 2379 2347 2450 superbi;
2399 2384 2460 2434 tu
2508 2380 2713 2437 venisti

1542 2451 1783 2521 salvare,
1823 2468 1928 2507 nos
1978 2452 2236 2522 perdere.
2282 2450 2442 2506 Unde
2487 2450 2716 2520 Aposto-

1542 2524 1633 2580 lus
1663 2541 1677 2580 :
1713 2524 1843 2591 Quae
1868 2525 2148 2579 conventio
2180 2522 2394 2580 Christi
2420 2521 2710 2595 adBelial,

1543 2595 1600 2650 id
1640 2601 1746 2664 est,
1791 2594 1866 2650 ad
1910 2593 2196 2650 diabolum
2243 2589 2272 2649 ?
2302 2591 2484 2656 Nulla,
2535 2602 2710 2664 certe,

1542 2667 1678 2793 guia
1728 2666 1980 2723 Christus
2054 2665 2249 2721 omnia
2313 2663 2449 2719 facit
2499 2663 2642 2722 bene
2691 2684 2711 2736 ;

1581 2737 1802 2795 iabolus
1846 2736 2040 2793 omnia
2085 2735 2254 2792 male.
2294 2736 2496 2806 Supra,
2546 2736 2710 2792 dubi-

1539 2814 1669 2864 tans
1724 2809 1907 2865 dixit:
1961 2809 2027 2865 Si
2073 2809 2229 2862 Flius
2276 2808 2377 2860 Dei
2425 2821 2526 2873 es;
2595 2808 2714 2870 hic,

1540 2878 1796 2934 eruditus
1822 2878 2144 2944 tormentiS,
2190 2877 2407 2938 asserit,
2440 2878 2570 2929 Jesu
2597 2878 2710 2930 Fili

1538 2951 1641 3004 Dei
1661 2967 1679 3014 ς
1715 2962 1879 3018 poena
1906 2949 2058 3003 enim
2099 2946 2291 2999 oculos
2327 2942 2528 3013 aperit,
2571 2959 2719 3014 quos

1538 3019 1707 3088 culpa
1758 3016 1989 3072 claudit.
2018 3018 2139 3071 Non
2180 3021 2565 3083 cognoverunt
2592 3014 2713 3070 daee

1539 3103 1740 3145 mones
1772 3104 1840 3143 ex
1875 3091 2030 3142 certa
2080 3084 2319 3141 scientia
2358 3085 2549 3141 Jesum
2590 3102 2714 3142 ess-

1538 3158 1742 3218 Filium
1765 3158 2000 3221 Dei,sed
2016 3173 2082 3214 ex
2110 3156 2451 3227 conjecturis
2476 3158 2711 3227 quibus-

1537 3232 1668 3288 dam
1698 3230 2096 3302 opinabantur,
2126 3244 2242 3285 non
2271 3235 2462 3285 tamen
2500 3229 2570 3287 de
2604 3231 2714 3289 hoc

1538 3303 1699 3360 certi.
1759 3302 1918 3358 Unde
1977 3302 2329 3371 Auqustinus
2379 3320 2402 3359 .·
2472 3319 2502 3355 «
2550 3302 2711 3371 Quod

1538 3375 1826 3430 daemones
1846 3374 2130 3432 clamant:
2158 3373 2306 3440 Quid
2322 3374 2482 3430 nobis
2505 3379 2556 3430 et
2581 3375 2710 3440 tibi,

1534 3448 1666 3501 Iesu
1700 3446 1812 3501 Fili
1839 3448 1941 3502 Dei
1964 3448 1994 3501 ?
2045 3448 2227 3519 magis
2278 3463 2345 3503 ex
2385 3446 2708 3518 suspicione

1537 3532 1709 3589 quam
1736 3534 1803 3573 ex
1834 3516 2156 3590 cognitione
2202 3517 2404 3573 dixisse
2436 3517 2708 3573 credendi

1535 3594 1690 3645 sunt:
1720 3589 1787 3645 Si
1809 3591 1952 3644 enim
1980 3591 2374 3659 coqnovissent,
2403 3602 2709 3658 numquam

1533 3662 1826 3716 Dominum
1856 3662 2047 3729 aloriae
2072 3662 2497 3730 crucifixissent.
2522 3677 2551 3710 »
2584 3655 2709 3711 Istis

1537 3731 1757 3787 duobus
1810 3731 2173 3787 daemoniacis
2231 3746 2295 3785 ex
2340 3731 2546 3785 timore
2601 3727 2710 3781 Do-

1535 3803 1675 3857 mini
1727 3800 2093 3856 adorantibus
2155 3806 2214 3855 et
2278 3797 2706 3866 confitentibus,

1532 3871 1747 3927 similes
1775 3876 1904 3926 sunt
1932 3871 2030 3941 qui
2073 3870 2279 3925 timore
2308 3869 2584 3939 gehennae
2616 3884 2714 3939 po-

1535 3942 1647 3997 tius
1689 3955 1862 4011 quam
1906 3955 2101 3996 amore
2143 3938 2376 4009 justitiae
2426 3941 2543 3994 Deo
2598 3952 2712 3993 ser-

1533 4013 1696 4067 viunt
1754 4027 1769 4078 ;
1828 4012 1924 4081 qui
1975 4010 2153 4081 magis
2205 4009 2422 4065 habent
2481 4010 2709 4066 oculum

1533 4084 1825 4139 sinistrum
1863 4082 1935 4139 ad
1960 4081 2306 4164 gehennam,
2337 4081 2424 4137 vel
2455 4081 2529 4137 ad
2559 4095 2708 4137 com·

1537 4155 1769 4210 modum
1807 4153 2219 4218 transitorium,
2268 4168 2440 4223 quam
2476 4151 2705 4209 oculum

1537 4226 1796 4282 dextrum
1824 4226 1895 4282 ad
1927 4224 2128 4282 coelum
2160 4231 2216 4281 et
2240 4223 2709 4283 incommutabile

1535 4297 1771 4361 bonum,
1825 4312 1944 4354 non
1976 4296 2156 4369 gratis
2207 4298 2455 4355 colentes
2501 4298 2702 4355 Deum.

2555 4401 2586 4446 2
