<?xml version="1.0" encoding="UTF-8"?>
<!DOCTYPE html PUBLIC "-//W3C//DTD XHTML 1.0 Transitional//EN"
    "http://www.w3.org/TR/xhtml1/DTD/xhtml1-transitional.dtd">
<html xmlns="http://www.w3.org/1999/xhtml" xml:lang="en" lang="en">
 <head>
  <title>
</title>
<meta http-equiv="Content-Type" content="text/html;charset=utf-8" />
  <meta name='ocr-system' content='tesseract 3.04.00' />
  <meta name='ocr-capabilities' content='ocr_page ocr_carea ocr_par ocr_line ocrx_word'/>
</head>
<body>
  <div class='ocr_page' id='page_1' title='image "./vitajesuchristi02rigogoog_0090.png"; bbox 0 0 3146 5023; ppageno 0'>
   <div class='ocr_carea' id='block_1_1' title="bbox 2601 250 2630 277">
    <p class='ocr_par' dir='ltr' id='par_1_1' title="bbox 2601 250 2630 277">
     <span class='ocr_line' id='line_1_1' title="bbox 2601 250 2630 277; baseline 0 0"><span class='ocrx_word' id='word_1_1' title='bbox 2601 250 2630 277; x_wconf 52' lang='grc' dir='ltr'>ἢ.</span> 
     </span>
    </p>
   </div>
   <div class='ocr_carea' id='block_1_2' title="bbox 391 369 2105 432">
    <p class='ocr_par' dir='ltr' id='par_1_2' title="bbox 391 369 2105 432">
     <span class='ocr_line' id='line_1_2' title="bbox 391 369 2105 432; baseline -0.006 0"><span class='ocrx_word' id='word_1_2' title='bbox 391 374 455 432; x_wconf 79' lang='grc'>80</span> <span class='ocrx_word' id='word_1_3' title='bbox 1164 374 1384 427; x_wconf 65' lang='lat' dir='ltr'>Fumat</span> <span class='ocrx_word' id='word_1_4' title='bbox 1437 372 1678 424; x_wconf 84' lang='lat' dir='ltr'>PARTIS</span> <span class='ocrx_word' id='word_1_5' title='bbox 1733 370 1941 422; x_wconf 83' lang='lat' dir='ltr'>CAPUT</span> <span class='ocrx_word' id='word_1_6' title='bbox 1993 369 2105 422; x_wconf 83' lang='lat' dir='ltr'>LVI</span> 
     </span>
    </p>
   </div>
   <div class='ocr_carea' id='block_1_3' title="bbox 483 478 1594 552">
    <p class='ocr_par' dir='ltr' id='par_1_3' title="bbox 483 478 1594 552">
     <span class='ocr_line' id='line_1_3' title="bbox 483 478 1594 552; baseline -0.005 -12"><span class='ocrx_word' id='word_1_7' title='bbox 483 488 629 551; x_wconf 87' lang='lat' dir='ltr'>art0,</span> <span class='ocrx_word' id='word_1_8' title='bbox 684 480 818 552; x_wconf 83' lang='lat' dir='ltr'>quia</span> <span class='ocrx_word' id='word_1_9' title='bbox 874 478 1163 539; x_wconf 75' lang='lat' dir='ltr'>Christum</span> <span class='ocrx_word' id='word_1_10' title='bbox 1210 495 1245 536; x_wconf 92' lang='lat' dir='ltr'>a</span> <span class='ocrx_word' id='word_1_11' title='bbox 1297 495 1356 535; x_wconf 85' lang='lat' dir='ltr'>se</span> <span class='ocrx_word' id='word_1_12' title='bbox 1414 483 1471 533; x_wconf 85' lang='lat' dir='ltr'>et</span> <span class='ocrx_word' id='word_1_13' title='bbox 1507 479 1594 534; x_wconf 90' lang='lat' dir='ltr'>ab·</span> 
     </span>
    </p>
   </div>
   <div class='ocr_carea' id='block_1_4' title="bbox 367 549 1584 4310">
    <p class='ocr_par' dir='ltr' id='par_1_4' title="bbox 367 549 1584 4310">
     <span class='ocr_line' id='line_1_4' title="bbox 449 549 1582 627; baseline -0.008 -15"><span class='ocrx_word' id='word_1_14' title='bbox 449 555 520 613; x_wconf 91' lang='lat' dir='ltr'>iis</span> <span class='ocrx_word' id='word_1_15' title='bbox 567 569 873 627; x_wconf 76' lang='lat' dir='ltr'>praevisum</span> <span class='ocrx_word' id='word_1_16' title='bbox 921 559 977 615; x_wconf 82' lang='lat' dir='ltr'>et</span> <span class='ocrx_word' id='word_1_17' title='bbox 1019 550 1373 623; x_wconf 69' lang='lat' dir='ltr'>praedictum,</span> <span class='ocrx_word' id='word_1_18' title='bbox 1406 549 1582 620; x_wconf 84' lang='lat' dir='ltr'>digito</span> 
     </span>
     <span class='ocr_line' id='line_1_5' title="bbox 398 622 1577 694; baseline -0.01 -7"><span class='ocrx_word' id='word_1_19' title='bbox 398 625 833 691; x_wconf 87' lang='lat' dir='ltr'>demonstravit,</span> <span class='ocrx_word' id='word_1_20' title='bbox 864 624 1014 694; x_wconf 85' lang='lat' dir='ltr'>quod</span> <span class='ocrx_word' id='word_1_21' title='bbox 1027 622 1121 678; x_wconf 89' lang='lat' dir='ltr'>alii</span> <span class='ocrx_word' id='word_1_22' title='bbox 1148 638 1263 678; x_wconf 91' lang='lat' dir='ltr'>non</span> <span class='ocrx_word' id='word_1_23' title='bbox 1291 622 1577 677; x_wconf 84' lang='lat' dir='ltr'>fecerunt:</span> 
     </span>
     <span class='ocr_line' id='line_1_6' title="bbox 401 694 1580 763; baseline -0.008 -6"><span class='ocrx_word' id='word_1_24' title='bbox 401 715 558 759; x_wconf 76' lang='lat' dir='ltr'>nam,</span> <span class='ocrx_word' id='word_1_25' title='bbox 577 695 893 753; x_wconf 88' lang='lat' dir='ltr'>secundum</span> <span class='ocrx_word' id='word_1_26' title='bbox 909 696 1257 762; x_wconf 76' lang='lat' dir='ltr'>Greqorium,</span> <span class='ocrx_word' id='word_1_27' title='bbox 1278 694 1580 763; x_wconf 77' lang='lat' dir='ltr'>Prophetae</span> 
     </span>
     <span class='ocr_line' id='line_1_7' title="bbox 406 762 1582 843; baseline -0.008 -16"><span class='ocrx_word' id='word_1_28' title='bbox 406 769 661 829; x_wconf 86' lang='lat' dir='ltr'>officium</span> <span class='ocrx_word' id='word_1_29' title='bbox 692 772 778 822; x_wconf 82' lang='lat' dir='ltr'>est</span> <span class='ocrx_word' id='word_1_30' title='bbox 829 772 1067 821; x_wconf 88' lang='lat' dir='ltr'>ventura</span> <span class='ocrx_word' id='word_1_31' title='bbox 1111 762 1447 843; x_wconf 64' lang='lat' dir='ltr'>praedicere,</span> <span class='ocrx_word' id='word_1_32' title='bbox 1478 762 1582 818; x_wconf 89' lang='lat' dir='ltr'>sed</span> 
     </span>
     <span class='ocr_line' id='line_1_8' title="bbox 405 838 1584 904; baseline -0.01 -4"><span class='ocrx_word' id='word_1_33' title='bbox 405 857 523 900; x_wconf 88' lang='lat' dir='ltr'>non</span> <span class='ocrx_word' id='word_1_34' title='bbox 550 841 719 895; x_wconf 88' lang='lat' dir='ltr'>etiam</span> <span class='ocrx_word' id='word_1_35' title='bbox 749 838 1144 892; x_wconf 89' lang='lat' dir='ltr'>demonstrare</span> <span class='ocrx_word' id='word_1_36' title='bbox 1170 852 1184 903; x_wconf 89' lang='lat'><em>;</em></span> <span class='ocrx_word' id='word_1_37' title='bbox 1239 841 1461 904; x_wconf 82' lang='lat' dir='ltr'>quinto,</span> <span class='ocrx_word' id='word_1_38' title='bbox 1496 850 1584 889; x_wconf 90' lang='lat' dir='ltr'>se·</span> 
     </span>
     <span class='ocr_line' id='line_1_9' title="bbox 399 907 1580 975; baseline -0.008 -7"><span class='ocrx_word' id='word_1_39' title='bbox 399 911 649 969; x_wconf 84' lang='lat' dir='ltr'>cundum</span> <span class='ocrx_word' id='word_1_40' title='bbox 688 910 1065 975; x_wconf 76' lang='lat' dir='ltr'>Auqustinum</span> <span class='ocrx_word' id='word_1_41' title='bbox 1107 914 1165 962; x_wconf 89' lang='lat' dir='ltr'>et</span> <span class='ocrx_word' id='word_1_42' title='bbox 1204 907 1580 973; x_wconf 79' lang='lat' dir='ltr'>Ambrosium,</span> 
     </span>
     <span class='ocr_line' id='line_1_10' title="bbox 398 977 1581 1051; baseline -0.007 -13"><span class='ocrx_word' id='word_1_43' title='bbox 398 986 487 1039; x_wconf 81' lang='lat' dir='ltr'>est</span> <span class='ocrx_word' id='word_1_44' title='bbox 512 982 696 1051; x_wconf 88' lang='lat' dir='ltr'>major</span> <span class='ocrx_word' id='word_1_45' title='bbox 747 978 1063 1048; x_wconf 80' lang='lat' dir='ltr'><strong>Prophetis,</strong></span> <span class='ocrx_word' id='word_1_46' title='bbox 1100 977 1234 1047; x_wconf 89' lang='lat' dir='ltr'>quia</span> <span class='ocrx_word' id='word_1_47' title='bbox 1280 977 1581 1046; x_wconf 81' lang='lat' dir='ltr'>Prophetae</span> 
     </span>
     <span class='ocr_line' id='line_1_11' title="bbox 399 1047 1579 1118; baseline -0.008 -8"><span class='ocrx_word' id='word_1_48' title='bbox 399 1054 703 1110; x_wconf 91' lang='lat' dir='ltr'>Dominum</span> <span class='ocrx_word' id='word_1_49' title='bbox 719 1056 1015 1106; x_wconf 83' lang='lat' dir='ltr'>venturum</span> <span class='ocrx_word' id='word_1_50' title='bbox 1030 1047 1579 1118; x_wconf 86' lang='lat' dir='ltr'>praenuntiaverunt,</span> 
     </span>
     <span class='ocr_line' id='line_1_12' title="bbox 395 1119 1581 1196; baseline -0.007 -15"><span class='ocrx_word' id='word_1_51' title='bbox 395 1139 568 1196; x_wconf 85' lang='lat' dir='ltr'>quem</span> <span class='ocrx_word' id='word_1_52' title='bbox 598 1121 789 1177; x_wconf 89' lang='lat' dir='ltr'>videre</span> <span class='ocrx_word' id='word_1_53' title='bbox 841 1119 1309 1175; x_wconf 86' lang='lat' dir='ltr'>desideraverunt</span> <span class='ocrx_word' id='word_1_54' title='bbox 1355 1122 1412 1173; x_wconf 87' lang='lat' dir='ltr'>et</span> <span class='ocrx_word' id='word_1_55' title='bbox 1466 1134 1581 1173; x_wconf 91' lang='lat' dir='ltr'>non</span> 
     </span>
     <span class='ocr_line' id='line_1_13' title="bbox 400 1190 1582 1261; baseline -0.006 -11"><span class='ocrx_word' id='word_1_56' title='bbox 400 1194 706 1250; x_wconf 76' lang='lat' dir='ltr'>viderunt:</span> <span class='ocrx_word' id='word_1_57' title='bbox 741 1190 871 1247; x_wconf 90' lang='lat' dir='ltr'>huic</span> <span class='ocrx_word' id='word_1_58' title='bbox 910 1196 1099 1246; x_wconf 90' lang='lat' dir='ltr'>autem</span> <span class='ocrx_word' id='word_1_59' title='bbox 1141 1191 1459 1261; x_wconf 63' lang='lat' dir='ltr'>praestitum</span> <span class='ocrx_word' id='word_1_60' title='bbox 1496 1192 1582 1247; x_wconf 83' lang='lat' dir='ltr'>est</span> 
     </span>
     <span class='ocr_line' id='line_1_14' title="bbox 490 1262 1583 1333; baseline -0.005 -13"><span class='ocrx_word' id='word_1_61' title='bbox 490 1264 563 1320; x_wconf 89' lang='lat' dir='ltr'>od</span> <span class='ocrx_word' id='word_1_62' title='bbox 609 1263 691 1318; x_wconf 90' lang='lat' dir='ltr'>illi</span> <span class='ocrx_word' id='word_1_63' title='bbox 730 1262 1079 1333; x_wconf 85' lang='lat' dir='ltr'>quaesierunt</span> <span class='ocrx_word' id='word_1_64' title='bbox 1112 1279 1127 1329; x_wconf 89' lang='grc'><strong>;</strong></span> <span class='ocrx_word' id='word_1_65' title='bbox 1176 1266 1354 1328; x_wconf 85' lang='lat' dir='ltr'>sexto,</span> <span class='ocrx_word' id='word_1_66' title='bbox 1386 1276 1583 1315; x_wconf 89' lang='lat' dir='ltr'>secun-</span> 
     </span>
     <span class='ocr_line' id='line_1_15' title="bbox 445 1330 1582 1402; baseline -0.009 -11"><span class='ocrx_word' id='word_1_67' title='bbox 445 1351 540 1391; x_wconf 90' lang='lat' dir='ltr'>um</span> <span class='ocrx_word' id='word_1_68' title='bbox 591 1338 1003 1401; x_wconf 75' lang='lat' dir='ltr'><strong><em>Hieronymum,</em></strong></span> <span class='ocrx_word' id='word_1_69' title='bbox 1062 1332 1195 1402; x_wconf 87' lang='lat' dir='ltr'>quia</span> <span class='ocrx_word' id='word_1_70' title='bbox 1242 1332 1316 1387; x_wconf 90' lang='lat' dir='ltr'>ad</span> <span class='ocrx_word' id='word_1_71' title='bbox 1354 1330 1582 1401; x_wconf 55' lang='lat' dir='ltr'>privile,</span> 
     </span>
     <span class='ocr_line' id='line_1_16' title="bbox 408 1401 1579 1479; baseline -0.004 -17"><span class='ocrx_word' id='word_1_72' title='bbox 408 1405 566 1479; x_wconf 89' lang='lat' dir='ltr'>gium</span> <span class='ocrx_word' id='word_1_73' title='bbox 605 1405 938 1477; x_wconf 83' lang='lat' dir='ltr'>prophetale</span> <span class='ocrx_word' id='word_1_74' title='bbox 984 1403 1157 1463; x_wconf 86' lang='lat' dir='ltr'>etiam</span> <span class='ocrx_word' id='word_1_75' title='bbox 1189 1401 1453 1473; x_wconf 64' lang='lat' dir='ltr'>Baptistae</span> <span class='ocrx_word' id='word_1_76' title='bbox 1483 1418 1579 1457; x_wconf 90' lang='lat' dir='ltr'>ac-</span> 
     </span>
     <span class='ocr_line' id='line_1_17' title="bbox 408 1474 1580 1554; baseline -0.003 -22"><span class='ocrx_word' id='word_1_77' title='bbox 408 1476 587 1533; x_wconf 83' lang='lat' dir='ltr'>cessit</span> <span class='ocrx_word' id='word_1_78' title='bbox 614 1475 930 1547; x_wconf 65' lang='lat' dir='ltr'>praemium,</span> <span class='ocrx_word' id='word_1_79' title='bbox 952 1480 1017 1530; x_wconf 91' lang='lat' dir='ltr'>ut</span> <span class='ocrx_word' id='word_1_80' title='bbox 1043 1490 1210 1530; x_wconf 90' lang='lat' dir='ltr'>suum</span> <span class='ocrx_word' id='word_1_81' title='bbox 1241 1480 1299 1530; x_wconf 89' lang='lat' dir='ltr'>et</span> <span class='ocrx_word' id='word_1_82' title='bbox 1332 1474 1580 1554; x_wconf 83' lang='lat' dir='ltr'>Prophe-</span> 
     </span>
     <span class='ocr_line' id='line_1_18' title="bbox 402 1544 1578 1616; baseline -0.003 -12"><span class='ocrx_word' id='word_1_83' title='bbox 402 1551 594 1605; x_wconf 86' lang='lat' dir='ltr'><strong>tarum</strong></span> <span class='ocrx_word' id='word_1_84' title='bbox 612 1547 912 1603; x_wconf 87' lang='lat' dir='ltr'>Dominum</span> <span class='ocrx_word' id='word_1_85' title='bbox 942 1544 1281 1616; x_wconf 82' lang='lat' dir='ltr'>baptizaret3</span> <span class='ocrx_word' id='word_1_86' title='bbox 1315 1551 1578 1614; x_wconf 85' lang='lat' dir='ltr'>sept1m0,</span> 
     </span>
     <span class='ocr_line' id='line_1_19' title="bbox 406 1616 1575 1690; baseline -0.003 -16"><span class='ocrx_word' id='word_1_87' title='bbox 406 1618 546 1690; x_wconf 86' lang='lat' dir='ltr'>quia</span> <span class='ocrx_word' id='word_1_88' title='bbox 569 1619 838 1688; x_wconf 81' lang='lat' dir='ltr'><strong>Angelus,</strong></span> <span class='ocrx_word' id='word_1_89' title='bbox 887 1616 1018 1671; x_wconf 89' lang='lat' dir='ltr'>etsi</span> <span class='ocrx_word' id='word_1_90' title='bbox 1054 1632 1165 1671; x_wconf 92' lang='lat' dir='ltr'>non</span> <span class='ocrx_word' id='word_1_91' title='bbox 1211 1621 1438 1679; x_wconf 87' lang='lat' dir='ltr'>natura,</span> <span class='ocrx_word' id='word_1_92' title='bbox 1486 1620 1575 1671; x_wconf 85' lang='lat' dir='ltr'>ta-</span> 
     </span>
     <span class='ocr_line' id='line_1_20' title="bbox 399 1686 1579 1757; baseline -0.003 -11"><span class='ocrx_word' id='word_1_93' title='bbox 399 1705 554 1757; x_wconf 86' lang='lat' dir='ltr'>men,</span> <span class='ocrx_word' id='word_1_94' title='bbox 584 1696 650 1745; x_wconf 90' lang='lat' dir='ltr'>ut</span> <span class='ocrx_word' id='word_1_95' title='bbox 674 1689 822 1743; x_wconf 81' lang='lat' dir='ltr'>iufra</span> <span class='ocrx_word' id='word_1_96' title='bbox 835 1687 1138 1755; x_wconf 84' lang='lat' dir='ltr'>videbitur,</span> <span class='ocrx_word' id='word_1_97' title='bbox 1164 1686 1579 1752; x_wconf 78' lang='lat' dir='ltr'>officio‚di‹·.tus</span> 
     </span>
     <span class='ocr_line' id='line_1_21' title="bbox 403 1755 1577 1828; baseline -0.003 -12"><span class='ocrx_word' id='word_1_98' title='bbox 403 1765 530 1828; x_wconf 80' lang='lat' dir='ltr'>est3</span> <span class='ocrx_word' id='word_1_99' title='bbox 565 1766 785 1825; x_wconf 89' lang='lat' dir='ltr'>octavo,</span> <span class='ocrx_word' id='word_1_100' title='bbox 830 1758 962 1827; x_wconf 89' lang='lat' dir='ltr'>quia</span> <span class='ocrx_word' id='word_1_101' title='bbox 992 1757 1302 1828; x_wconf 85' lang='lat' dir='ltr'>proximior</span> <span class='ocrx_word' id='word_1_102' title='bbox 1351 1755 1577 1812; x_wconf 90' lang='lat' dir='ltr'>Christo</span> 
     </span>
     <span class='ocr_line' id='line_1_22' title="bbox 398 1825 1577 1901; baseline -0.003 -15"><span class='ocrx_word' id='word_1_103' title='bbox 398 1830 524 1899; x_wconf 85' lang='lat' dir='ltr'>ruit,</span> <span class='ocrx_word' id='word_1_104' title='bbox 565 1835 622 1885; x_wconf 89' lang='lat' dir='ltr'>et</span> <span class='ocrx_word' id='word_1_105' title='bbox 660 1845 802 1901; x_wconf 88' lang='lat' dir='ltr'>pene</span> <span class='ocrx_word' id='word_1_106' title='bbox 858 1843 987 1883; x_wconf 80' lang='lat' dir='ltr'>cuin</span> <span class='ocrx_word' id='word_1_107' title='bbox 1036 1827 1158 1898; x_wconf 89' lang='lat' dir='ltr'>ipso</span> <span class='ocrx_word' id='word_1_108' title='bbox 1204 1825 1375 1885; x_wconf 88' lang='lat' dir='ltr'>venit.</span> <span class='ocrx_word' id='word_1_109' title='bbox 1418 1828 1577 1883; x_wconf 88' lang='lat' dir='ltr'>Unde</span> 
     </span>
     <span class='ocr_line' id='line_1_23' title="bbox 401 1897 1576 1968; baseline -0.004 -10"><span class='ocrx_word' id='word_1_110' title='bbox 401 1901 842 1968; x_wconf 78' lang='lat' dir='ltr'><em>chrysostomus:</em></span> <span class='ocrx_word' id='word_1_111' title='bbox 875 1918 902 1950; x_wconf 89' lang='lat'>«</span> <span class='ocrx_word' id='word_1_112' title='bbox 935 1900 1145 1954; x_wconf 81' lang='lat' dir='ltr'><em>Omnes</em></span> <span class='ocrx_word' id='word_1_113' title='bbox 1175 1897 1405 1967; x_wconf 80' lang='lat' dir='ltr'>quidem</span> <span class='ocrx_word' id='word_1_114' title='bbox 1435 1899 1576 1953; x_wconf 88' lang='lat' dir='ltr'>Pro-</span> 
     </span>
     <span class='ocr_line' id='line_1_24' title="bbox 401 1967 1576 2043; baseline -0.002 -17"><span class='ocrx_word' id='word_1_115' title='bbox 401 1972 590 2043; x_wconf 84' lang='lat' dir='ltr'>phetae</span> <span class='ocrx_word' id='word_1_116' title='bbox 620 1976 753 2025; x_wconf 85' lang='lat' dir='ltr'>aute</span> <span class='ocrx_word' id='word_1_117' title='bbox 784 1969 986 2024; x_wconf 80' lang='lat' dir='ltr'>faciem</span> <span class='ocrx_word' id='word_1_118' title='bbox 1017 1969 1222 2026; x_wconf 88' lang='lat' dir='ltr'>Christi</span> <span class='ocrx_word' id='word_1_119' title='bbox 1253 1967 1576 2027; x_wconf 76' lang='lat' dir='ltr'>transmissi</span> 
     </span>
     <span class='ocr_line' id='line_1_25' title="bbox 406 2038 1576 2110; baseline -0.003 -11"><span class='ocrx_word' id='word_1_120' title='bbox 406 2047 558 2110; x_wconf 77' lang='lat' dir='ltr'>sunt,</span> <span class='ocrx_word' id='word_1_121' title='bbox 578 2068 579 2071; x_wconf 36' lang='lat'>¹</span> <span class='ocrx_word' id='word_1_122' title='bbox 600 2041 755 2097; x_wconf 91' lang='lat' dir='ltr'>solus</span> <span class='ocrx_word' id='word_1_123' title='bbox 780 2046 971 2096; x_wconf 84' lang='lat' dir='ltr'>autem</span> <span class='ocrx_word' id='word_1_124' title='bbox 990 2043 1239 2097; x_wconf 85' lang='lat' dir='ltr'>Joannes</span> <span class='ocrx_word' id='word_1_125' title='bbox 1262 2038 1344 2094; x_wconf 88' lang='lat' dir='ltr'>sic</span> <span class='ocrx_word' id='word_1_126' title='bbox 1370 2039 1576 2097; x_wconf 89' lang='lat' dir='ltr'>missus</span> 
     </span>
     <span class='ocr_line' id='line_1_26' title="bbox 406 2111 1575 2182; baseline -0.003 -13"><span class='ocrx_word' id='word_1_127' title='bbox 406 2117 495 2169; x_wconf 87' lang='lat' dir='ltr'>est</span> <span class='ocrx_word' id='word_1_128' title='bbox 533 2117 663 2168; x_wconf 90' lang='lat' dir='ltr'>ante</span> <span class='ocrx_word' id='word_1_129' title='bbox 692 2112 891 2168; x_wconf 81' lang='lat' dir='ltr'>faciem</span> <span class='ocrx_word' id='word_1_130' title='bbox 921 2111 1148 2176; x_wconf 84' lang='lat' dir='ltr'>Christi,</span> <span class='ocrx_word' id='word_1_131' title='bbox 1182 2116 1243 2166; x_wconf 89' lang='lat' dir='ltr'>ut</span> <span class='ocrx_word' id='word_1_132' title='bbox 1271 2126 1415 2182; x_wconf 91' lang='lat' dir='ltr'>pene</span> <span class='ocrx_word' id='word_1_133' title='bbox 1445 2125 1575 2166; x_wconf 91' lang='lat' dir='ltr'>cum</span> 
     </span>
     <span class='ocr_line' id='line_1_27' title="bbox 404 2181 1576 2252; baseline -0.005 -11"><span class='ocrx_word' id='word_1_134' title='bbox 404 2183 628 2241; x_wconf 85' lang='lat' dir='ltr'>Christo</span> <span class='ocrx_word' id='word_1_135' title='bbox 659 2183 895 2239; x_wconf 89' lang='lat' dir='ltr'>veniret.</span> <span class='ocrx_word' id='word_1_136' title='bbox 923 2184 1204 2250; x_wconf 86' lang='lat' dir='ltr'>Quantum</span> <span class='ocrx_word' id='word_1_137' title='bbox 1230 2198 1346 2252; x_wconf 84' lang='lat' dir='ltr'>prae</span> <span class='ocrx_word' id='word_1_138' title='bbox 1371 2181 1576 2237; x_wconf 87' lang='lat' dir='ltr'>ceteris</span> 
     </span>
     <span class='ocr_line' id='line_1_28' title="bbox 405 2253 1577 2325; baseline -0.003 -14"><span class='ocrx_word' id='word_1_139' title='bbox 405 2254 707 2325; x_wconf 82' lang='lat' dir='ltr'>Prophetis</span> <span class='ocrx_word' id='word_1_140' title='bbox 739 2258 993 2310; x_wconf 84' lang='lat' dir='ltr'>Joannes</span> <span class='ocrx_word' id='word_1_141' title='bbox 1034 2253 1093 2307; x_wconf 90' lang='lat' dir='ltr'>in</span> <span class='ocrx_word' id='word_1_142' title='bbox 1123 2259 1376 2323; x_wconf 89' lang='lat' dir='ltr'>tempore</span> <span class='ocrx_word' id='word_1_143' title='bbox 1413 2253 1577 2323; x_wconf 86' lang='lat' dir='ltr'>juxta</span> 
     </span>
     <span class='ocr_line' id='line_1_29' title="bbox 396 2322 1575 2394; baseline -0.003 -12"><span class='ocrx_word' id='word_1_144' title='bbox 396 2325 702 2392; x_wconf 81' lang='lat' dir='ltr'>Christum,</span> <span class='ocrx_word' id='word_1_145' title='bbox 748 2330 971 2379; x_wconf 83' lang='lat' dir='ltr'>tantum</span> <span class='ocrx_word' id='word_1_146' title='bbox 1022 2323 1245 2394; x_wconf 82' lang='lat' dir='ltr'>justitia</span> <span class='ocrx_word' id='word_1_147' title='bbox 1293 2338 1413 2393; x_wconf 85' lang='lat' dir='ltr'>prae</span> <span class='ocrx_word' id='word_1_148' title='bbox 1460 2322 1575 2379; x_wconf 89' lang='lat' dir='ltr'>illis</span> 
     </span>
     <span class='ocr_line' id='line_1_30' title="bbox 440 2393 1572 2464; baseline 0 -15"><span class='ocrx_word' id='word_1_149' title='bbox 440 2394 710 2451; x_wconf 87' lang='lat' dir='ltr'>roximior</span> <span class='ocrx_word' id='word_1_150' title='bbox 750 2400 871 2449; x_wconf 88' lang='lat' dir='ltr'>erat</span> <span class='ocrx_word' id='word_1_151' title='bbox 910 2395 1152 2449; x_wconf 89' lang='lat' dir='ltr'>Christo.</span> <span class='ocrx_word' id='word_1_152' title='bbox 1218 2394 1408 2449; x_wconf 84' lang='lat' dir='ltr'>Multae</span> <span class='ocrx_word' id='word_1_153' title='bbox 1449 2393 1572 2464; x_wconf 88' lang='lat' dir='ltr'>qui-</span> 
     </span>
     <span class='ocr_line' id='line_1_31' title="bbox 435 2464 1572 2535; baseline 0.001 -14"><span class='ocrx_word' id='word_1_154' title='bbox 435 2480 526 2521; x_wconf 87' lang='lat' dir='ltr'>em</span> <span class='ocrx_word' id='word_1_155' title='bbox 589 2466 766 2521; x_wconf 79' lang='lat' dir='ltr'>stellae</span> <span class='ocrx_word' id='word_1_156' title='bbox 818 2469 950 2521; x_wconf 86' lang='lat' dir='ltr'>ante</span> <span class='ocrx_word' id='word_1_157' title='bbox 989 2465 1172 2521; x_wconf 86' lang='lat' dir='ltr'>lucem</span> <span class='ocrx_word' id='word_1_158' title='bbox 1223 2464 1572 2535; x_wconf 61' lang='lat' dir='ltr'>praecedunt,</span> 
     </span>
     <span class='ocr_line' id='line_1_32' title="bbox 397 2536 1572 2604; baseline -0.001 -11"><span class='ocrx_word' id='word_1_159' title='bbox 397 2536 734 2593; x_wconf 73' lang='lat' dir='ltr'><strong>nuntiantes</strong></span> <span class='ocrx_word' id='word_1_160' title='bbox 769 2536 908 2593; x_wconf 89' lang='lat' dir='ltr'>lucis</span> <span class='ocrx_word' id='word_1_161' title='bbox 941 2536 1265 2604; x_wconf 86' lang='lat' dir='ltr'>adventum,</span> <span class='ocrx_word' id='word_1_162' title='bbox 1302 2537 1460 2592; x_wconf 90' lang='lat' dir='ltr'>nulla</span> <span class='ocrx_word' id='word_1_163' title='bbox 1486 2541 1572 2592; x_wconf 88' lang='lat' dir='ltr'>ta·</span> 
     </span>
     <span class='ocr_line' id='line_1_33' title="bbox 399 2607 1573 2668; baseline 0 -5"><span class='ocrx_word' id='word_1_164' title='bbox 399 2623 531 2664; x_wconf 91' lang='lat' dir='ltr'>men</span> <span class='ocrx_word' id='word_1_165' title='bbox 570 2624 765 2668; x_wconf 69' lang='lat' dir='ltr'>aarum</span> <span class='ocrx_word' id='word_1_166' title='bbox 818 2607 1065 2664; x_wconf 86' lang='lat' dir='ltr'>Luceseri</span> <span class='ocrx_word' id='word_1_167' title='bbox 1106 2623 1313 2663; x_wconf 90' lang='lat' dir='ltr'>nomen</span> <span class='ocrx_word' id='word_1_168' title='bbox 1361 2608 1573 2663; x_wconf 85' lang='lat' dir='ltr'>habere</span> 
     </span>
     <span class='ocr_line' id='line_1_34' title="bbox 398 2677 1575 2749; baseline 0 -15"><span class='ocrx_word' id='word_1_169' title='bbox 398 2679 630 2745; x_wconf 86' lang='lat' dir='ltr'>meruit,</span> <span class='ocrx_word' id='word_1_170' title='bbox 668 2679 774 2734; x_wconf 90' lang='lat' dir='ltr'>nisi</span> <span class='ocrx_word' id='word_1_171' title='bbox 812 2695 944 2747; x_wconf 89' lang='lat' dir='ltr'>una,</span> <span class='ocrx_word' id='word_1_172' title='bbox 976 2677 1109 2749; x_wconf 82' lang='lat' dir='ltr'>quia</span> <span class='ocrx_word' id='word_1_173' title='bbox 1139 2695 1263 2733; x_wconf 88' lang='lat' dir='ltr'>cum</span> <span class='ocrx_word' id='word_1_174' title='bbox 1294 2678 1419 2749; x_wconf 90' lang='lat' dir='ltr'>ipsa</span> <span class='ocrx_word' id='word_1_175' title='bbox 1451 2680 1575 2734; x_wconf 89' lang='lat' dir='ltr'>luce</span> 
     </span>
     <span class='ocr_line' id='line_1_35' title="bbox 432 2750 1570 2819; baseline 0.001 -15"><span class='ocrx_word' id='word_1_176' title='bbox 432 2751 679 2810; x_wconf 85' lang='lat' dir='ltr'>rocedit:</span> <span class='ocrx_word' id='word_1_177' title='bbox 730 2750 811 2806; x_wconf 87' lang='lat' dir='ltr'>sic</span> <span class='ocrx_word' id='word_1_178' title='bbox 861 2766 1059 2805; x_wconf 87' lang='lat' dir='ltr'>omnes</span> <span class='ocrx_word' id='word_1_179' title='bbox 1105 2751 1403 2819; x_wconf 84' lang='lat' dir='ltr'>Prophetae</span> <span class='ocrx_word' id='word_1_180' title='bbox 1436 2754 1570 2806; x_wconf 89' lang='lat' dir='ltr'>ante</span> 
     </span>
     <span class='ocr_line' id='line_1_36' title="bbox 418 2819 1570 2892; baseline 0 -16"><span class='ocrx_word' id='word_1_181' title='bbox 418 2820 597 2877; x_wconf 82' lang='lat' dir='ltr'>aciem</span> <span class='ocrx_word' id='word_1_182' title='bbox 636 2821 843 2878; x_wconf 85' lang='lat' dir='ltr'>Christi</span> <span class='ocrx_word' id='word_1_183' title='bbox 882 2820 1208 2892; x_wconf 82' lang='lat' dir='ltr'>praecedunt</span> <span class='ocrx_word' id='word_1_184' title='bbox 1240 2819 1570 2876; x_wconf 80' lang='lat' dir='ltr'><strong>nuntiantes</strong></span> 
     </span>
     <span class='ocr_line' id='line_1_37' title="bbox 395 2893 1569 2964; baseline -0.001 -16"><span class='ocrx_word' id='word_1_185' title='bbox 395 2893 703 2949; x_wconf 89' lang='lat' dir='ltr'>adventum</span> <span class='ocrx_word' id='word_1_186' title='bbox 734 2893 876 2964; x_wconf 83' lang='lat' dir='ltr'>ejuS,</span> <span class='ocrx_word' id='word_1_187' title='bbox 909 2893 1062 2950; x_wconf 90' lang='lat' dir='ltr'>solus</span> <span class='ocrx_word' id='word_1_188' title='bbox 1098 2896 1288 2947; x_wconf 88' lang='lat' dir='ltr'>tamen</span> <span class='ocrx_word' id='word_1_189' title='bbox 1319 2894 1569 2948; x_wconf 86' lang='lat' dir='ltr'>Joannes</span> 
     </span>
     <span class='ocr_line' id='line_1_38' title="bbox 393 2962 1565 3034; baseline -0.001 -15"><span class='ocrx_word' id='word_1_190' title='bbox 393 2964 721 3020; x_wconf 86' lang='lat' dir='ltr'>Praecursor</span> <span class='ocrx_word' id='word_1_191' title='bbox 756 2970 841 3019; x_wconf 89' lang='lat' dir='ltr'>est</span> <span class='ocrx_word' id='word_1_192' title='bbox 885 2963 1236 3034; x_wconf 75' lang='lat' dir='ltr'>appellatus5</span> <span class='ocrx_word' id='word_1_193' title='bbox 1270 2962 1404 3032; x_wconf 88' lang='lat' dir='ltr'>quia</span> <span class='ocrx_word' id='word_1_194' title='bbox 1452 2979 1565 3018; x_wconf 93' lang='lat' dir='ltr'>non</span> 
     </span>
     <span class='ocr_line' id='line_1_39' title="bbox 390 3032 1568 3105; baseline -0.001 -14"><span class='ocrx_word' id='word_1_195' title='bbox 390 3035 575 3091; x_wconf 88' lang='lat' dir='ltr'>solum</span> <span class='ocrx_word' id='word_1_196' title='bbox 613 3038 918 3091; x_wconf 85' lang='lat' dir='ltr'>adventum</span> <span class='ocrx_word' id='word_1_197' title='bbox 955 3035 1077 3105; x_wconf 89' lang='lat' dir='ltr'>ejus</span> <span class='ocrx_word' id='word_1_198' title='bbox 1104 3032 1429 3101; x_wconf 86' lang='lat' dir='ltr'>annuntiat,</span> <span class='ocrx_word' id='word_1_199' title='bbox 1466 3034 1568 3090; x_wconf 87' lang='lat' dir='ltr'>sed</span> 
     </span>
     <span class='ocr_line' id='line_1_40' title="bbox 393 3104 1562 3176; baseline -0.002 -14"><span class='ocrx_word' id='word_1_200' title='bbox 393 3105 564 3162; x_wconf 88' lang='lat' dir='ltr'>etiam</span> <span class='ocrx_word' id='word_1_201' title='bbox 596 3106 758 3162; x_wconf 93' lang='lat' dir='ltr'>illum</span> <span class='ocrx_word' id='word_1_202' title='bbox 801 3106 978 3176; x_wconf 81' lang='lat' dir='ltr'>digito</span> <span class='ocrx_word' id='word_1_203' title='bbox 1011 3104 1281 3172; x_wconf 85' lang='lat' dir='ltr'>ostendit,</span> <span class='ocrx_word' id='word_1_204' title='bbox 1323 3104 1518 3160; x_wconf 90' lang='lat' dir='ltr'>dicens</span> <span class='ocrx_word' id='word_1_205' title='bbox 1548 3121 1562 3160; x_wconf 90' lang='lat'>:</span> 
     </span>
     <span class='ocr_line' id='line_1_41' title="bbox 391 3177 1559 3244; baseline -0.001 -12"><span class='ocrx_word' id='word_1_206' title='bbox 391 3179 529 3232; x_wconf 83' lang='lat' dir='ltr'>Ecce</span> <span class='ocrx_word' id='word_1_207' title='bbox 553 3177 749 3243; x_wconf 70' lang='lat' dir='ltr'>Aqnus</span> <span class='ocrx_word' id='word_1_208' title='bbox 767 3180 903 3230; x_wconf 83' lang='lat' dir='ltr'>Dei:</span> <span class='ocrx_word' id='word_1_209' title='bbox 931 3197 957 3227; x_wconf 91' lang='lat'>»</span> <span class='ocrx_word' id='word_1_210' title='bbox 983 3177 1105 3231; x_wconf 81' lang='lat' dir='ltr'>haec</span> <span class='ocrx_word' id='word_1_211' title='bbox 1131 3177 1559 3244; x_wconf 73' lang='lat' dir='ltr'>Gltrysostomus.</span> 
     </span>
     <span class='ocr_line' id='line_1_42' title="bbox 465 3248 1564 3319; baseline -0.001 -17"><span class='ocrx_word' id='word_1_212' title='bbox 465 3269 498 3319; x_wconf 88' lang='lat'>9</span> <span class='ocrx_word' id='word_1_213' title='bbox 526 3248 927 3302; x_wconf 70' lang='lat' dir='ltr'>CouunNoArun</span> <span class='ocrx_word' id='word_1_214' title='bbox 963 3264 1031 3300; x_wconf 85' lang='lat' dir='ltr'>AB</span> <span class='ocrx_word' id='word_1_215' title='bbox 1063 3263 1426 3302; x_wconf 71' lang='lat' dir='ltr'>Aucromurn</span> <span class='ocrx_word' id='word_1_216' title='bbox 1462 3264 1564 3301; x_wconf 88' lang='lat' dir='ltr'>no-</span> 
     </span>
     <span class='ocr_line' id='line_1_43' title="bbox 389 3317 1566 3383; baseline 0 -11"><span class='ocrx_word' id='word_1_217' title='bbox 389 3332 594 3372; x_wconf 73' lang='lat' dir='ltr'>c‘rnmAE</span> <span class='ocrx_word' id='word_1_218' title='bbox 625 3335 687 3371; x_wconf 77' lang='lat' dir='ltr'>ET</span> <span class='ocrx_word' id='word_1_219' title='bbox 716 3334 783 3371; x_wconf 81' lang='lat' dir='ltr'>AB</span> <span class='ocrx_word' id='word_1_220' title='bbox 806 3334 1035 3372; x_wconf 76' lang='lat' dir='ltr'>ormmo.</span> <span class='ocrx_word' id='word_1_221' title='bbox 1059 3348 1125 3357; x_wconf 94' lang='lat'>—</span> <span class='ocrx_word' id='word_1_222' title='bbox 1151 3317 1382 3383; x_wconf 86' lang='lat' dir='ltr'>Quarto,</span> <span class='ocrx_word' id='word_1_223' title='bbox 1411 3333 1566 3372; x_wconf 89' lang='lat' dir='ltr'>com·</span> 
     </span>
     <span class='ocr_line' id='line_1_44' title="bbox 384 3386 1566 3446; baseline 0 -3"><span class='ocrx_word' id='word_1_224' title='bbox 384 3387 617 3443; x_wconf 85' lang='lat' dir='ltr'>mendat</span> <span class='ocrx_word' id='word_1_225' title='bbox 640 3390 668 3443; x_wconf 87' lang='lat' dir='ltr'>J</span> <span class='ocrx_word' id='word_1_226' title='bbox 676 3403 917 3443; x_wconf 84' lang='lat' dir='ltr'>oannem</span> <span class='ocrx_word' id='word_1_227' title='bbox 936 3386 1207 3443; x_wconf 88' lang='lat' dir='ltr'>Dominus</span> <span class='ocrx_word' id='word_1_228' title='bbox 1227 3389 1299 3443; x_wconf 89' lang='lat' dir='ltr'>ab</span> <span class='ocrx_word' id='word_1_229' title='bbox 1324 3386 1566 3446; x_wconf 86' lang='lat' dir='ltr'>auctori-</span> 
     </span>
     <span class='ocr_line' id='line_1_45' title="bbox 384 3456 1562 3527; baseline 0.005 -15"><span class='ocrx_word' id='word_1_230' title='bbox 384 3460 503 3526; x_wconf 85' lang='lat' dir='ltr'>tate</span> <span class='ocrx_word' id='word_1_231' title='bbox 533 3456 806 3512; x_wconf 82' lang='lat' dir='ltr'>doctrinae</span> <span class='ocrx_word' id='word_1_232' title='bbox 833 3463 888 3513; x_wconf 91' lang='lat' dir='ltr'>et</span> <span class='ocrx_word' id='word_1_233' title='bbox 912 3457 1083 3513; x_wconf 86' lang='lat' dir='ltr'>officii</span> <span class='ocrx_word' id='word_1_234' title='bbox 1111 3457 1407 3527; x_wconf 86' lang='lat' dir='ltr'>dignitate,</span> <span class='ocrx_word' id='word_1_235' title='bbox 1431 3474 1562 3518; x_wconf 89' lang='lat' dir='ltr'>cum</span> 
     </span>
     <span class='ocr_line' id='line_1_46' title="bbox 382 3527 1561 3598; baseline 0 -13"><span class='ocrx_word' id='word_1_236' title='bbox 382 3527 553 3585; x_wconf 83' lang='lat' dir='ltr'>dicit:</span> <span class='ocrx_word' id='word_1_237' title='bbox 578 3531 680 3583; x_wconf 85' lang='lat' dir='ltr'>Hic</span> <span class='ocrx_word' id='word_1_238' title='bbox 699 3535 778 3584; x_wconf 85' lang='lat' dir='ltr'>est</span> <span class='ocrx_word' id='word_1_239' title='bbox 799 3532 942 3584; x_wconf 79' lang='lat' dir='ltr'>enim</span> <span class='ocrx_word' id='word_1_240' title='bbox 962 3529 1028 3583; x_wconf 85' lang='lat' dir='ltr'>de</span> <span class='ocrx_word' id='word_1_241' title='bbox 1057 3545 1162 3597; x_wconf 81' lang='lat' dir='ltr'>quo</span> <span class='ocrx_word' id='word_1_242' title='bbox 1187 3531 1455 3598; x_wconf 74' lang='lat' dir='ltr'>scriptum</span> <span class='ocrx_word' id='word_1_243' title='bbox 1481 3536 1561 3585; x_wconf 79' lang='lat' dir='ltr'>est</span> 
     </span>
     <span class='ocr_line' id='line_1_47' title="bbox 380 3598 1560 3668; baseline 0 -13"><span class='ocrx_word' id='word_1_244' title='bbox 380 3598 445 3655; x_wconf 90' lang='lat' dir='ltr'>in</span> <span class='ocrx_word' id='word_1_245' title='bbox 470 3599 766 3668; x_wconf 86' lang='lat' dir='ltr'>Malachia,</span> <span class='ocrx_word' id='word_1_246' title='bbox 802 3604 859 3656; x_wconf 91' lang='lat' dir='ltr'>et</span> <span class='ocrx_word' id='word_1_247' title='bbox 888 3603 1022 3660; x_wconf 87' lang='lat' dir='ltr'>suut</span> <span class='ocrx_word' id='word_1_248' title='bbox 1049 3601 1224 3656; x_wconf 88' lang='lat' dir='ltr'>verba</span> <span class='ocrx_word' id='word_1_249' title='bbox 1262 3599 1448 3657; x_wconf 89' lang='lat' dir='ltr'>Patris</span> <span class='ocrx_word' id='word_1_250' title='bbox 1486 3600 1560 3657; x_wconf 91' lang='lat' dir='ltr'>ad</span> 
     </span>
     <span class='ocr_line' id='line_1_48' title="bbox 378 3670 1558 3740; baseline 0.001 -13"><span class='ocrx_word' id='word_1_251' title='bbox 378 3670 605 3740; x_wconf 90' lang='lat' dir='ltr'>Filium,</span> <span class='ocrx_word' id='word_1_252' title='bbox 643 3675 927 3729; x_wconf 85' lang='lat' dir='ltr'>Joanuem</span> <span class='ocrx_word' id='word_1_253' title='bbox 993 3670 1446 3728; x_wconf 89' lang='lat' dir='ltr'>commendantis</span> <span class='ocrx_word' id='word_1_254' title='bbox 1502 3676 1558 3728; x_wconf 89' lang='lat' dir='ltr'>et</span> 
     </span>
     <span class='ocr_line' id='line_1_49' title="bbox 376 3741 1559 3810; baseline -0.003 -10"><span class='ocrx_word' id='word_1_255' title='bbox 376 3741 619 3800; x_wconf 90' lang='lat' dir='ltr'>dicentis</span> <span class='ocrx_word' id='word_1_256' title='bbox 674 3760 687 3798; x_wconf 75' lang='grc' dir='ltr'>ε</span> <span class='ocrx_word' id='word_1_257' title='bbox 737 3746 872 3798; x_wconf 85' lang='lat' dir='ltr'>Ecce</span> <span class='ocrx_word' id='word_1_258' title='bbox 905 3758 1000 3808; x_wconf 74' lang='lat' dir='ltr'>eqo</span> <span class='ocrx_word' id='word_1_259' title='bbox 1063 3745 1222 3798; x_wconf 78' lang='lat' dir='ltr'>mitto</span> <span class='ocrx_word' id='word_1_260' title='bbox 1283 3743 1559 3810; x_wconf 72' lang='lat' dir='ltr'>Anqelum</span> 
     </span>
     <span class='ocr_line' id='line_1_50' title="bbox 375 3811 1556 3883; baseline -0.002 -13"><span class='ocrx_word' id='word_1_261' title='bbox 375 3829 575 3883; x_wconf 87' lang='lat' dir='ltr'>meum,</span> <span class='ocrx_word' id='word_1_262' title='bbox 606 3814 665 3869; x_wconf 93' lang='lat' dir='ltr'>id</span> <span class='ocrx_word' id='word_1_263' title='bbox 697 3819 783 3870; x_wconf 90' lang='lat' dir='ltr'>est</span> <span class='ocrx_word' id='word_1_264' title='bbox 823 3812 1106 3880; x_wconf 89' lang='lat' dir='ltr'>nuntium,</span> <span class='ocrx_word' id='word_1_265' title='bbox 1139 3811 1355 3869; x_wconf 89' lang='lat' dir='ltr'>scilicet</span> <span class='ocrx_word' id='word_1_266' title='bbox 1381 3816 1556 3870; x_wconf 85' lang='lat' dir='ltr'>Joan-</span> 
     </span>
     <span class='ocr_line' id='line_1_51' title="bbox 385 3883 1560 3956; baseline -0.002 -14"><span class='ocrx_word' id='word_1_267' title='bbox 385 3901 517 3942; x_wconf 90' lang='lat' dir='ltr'>nem</span> <span class='ocrx_word' id='word_1_268' title='bbox 558 3885 892 3955; x_wconf 87' lang='lat' dir='ltr'>Baptistam,</span> <span class='ocrx_word' id='word_1_269' title='bbox 935 3883 1029 3956; x_wconf 83' lang='lat' dir='ltr'>qui</span> <span class='ocrx_word' id='word_1_270' title='bbox 1061 3883 1234 3941; x_wconf 85' lang='lat' dir='ltr'>etiam</span> <span class='ocrx_word' id='word_1_271' title='bbox 1257 3883 1432 3944; x_wconf 88' lang='lat' dir='ltr'>vitam</span> <span class='ocrx_word' id='word_1_272' title='bbox 1459 3884 1560 3940; x_wconf 90' lang='lat' dir='ltr'>du·</span> 
     </span>
     <span class='ocr_line' id='line_1_52' title="bbox 377 3953 1558 4027; baseline -0.002 -15"><span class='ocrx_word' id='word_1_273' title='bbox 377 3953 459 4012; x_wconf 85' lang='lat' dir='ltr'>xit</span> <span class='ocrx_word' id='word_1_274' title='bbox 476 3956 812 4027; x_wconf 84' lang='lat' dir='ltr'>angelicam,</span> <span class='ocrx_word' id='word_1_275' title='bbox 836 3963 962 4016; x_wconf 81' lang='lat' dir='ltr'>ante</span> <span class='ocrx_word' id='word_1_276' title='bbox 995 3959 1195 4024; x_wconf 78' lang='lat' dir='ltr'>faciem</span> <span class='ocrx_word' id='word_1_277' title='bbox 1210 3961 1381 4022; x_wconf 82' lang='lat' dir='ltr'>tuam,</span> <span class='ocrx_word' id='word_1_278' title='bbox 1396 3954 1453 4010; x_wconf 92' lang='lat' dir='ltr'>id</span> <span class='ocrx_word' id='word_1_279' title='bbox 1471 3959 1558 4011; x_wconf 88' lang='lat' dir='ltr'>est</span> 
     </span>
     <span class='ocr_line' id='line_1_53' title="bbox 385 4026 1555 4099; baseline -0.002 -15"><span class='ocrx_word' id='word_1_280' title='bbox 385 4033 518 4084; x_wconf 89' lang='lat' dir='ltr'>ante</span> <span class='ocrx_word' id='word_1_281' title='bbox 565 4028 928 4099; x_wconf 63' lang='lat' dir='ltr'>praesentiam</span> <span class='ocrx_word' id='word_1_282' title='bbox 977 4032 1134 4084; x_wconf 89' lang='lat' dir='ltr'>tuam</span> <span class='ocrx_word' id='word_1_283' title='bbox 1181 4026 1555 4098; x_wconf 87' lang='lat' dir='ltr'>temporalem</span> 
     </span>
     <span class='ocr_line' id='line_1_54' title="bbox 375 4096 1551 4179; baseline -0.001 -25"><span class='ocrx_word' id='word_1_284' title='bbox 375 4102 433 4154; x_wconf 91' lang='lat' dir='ltr'>et</span> <span class='ocrx_word' id='word_1_285' title='bbox 465 4104 597 4158; x_wconf 87' lang='lat' dir='ltr'>ante</span> <span class='ocrx_word' id='word_1_286' title='bbox 636 4100 891 4169; x_wconf 77' lang='lat' dir='ltr'>eJ’usdem</span> <span class='ocrx_word' id='word_1_287' title='bbox 922 4101 1194 4179; x_wconf 81' lang='lat' dir='ltr'>potentiae</span> <span class='ocrx_word' id='word_1_288' title='bbox 1223 4096 1551 4154; x_wconf 83' lang='lat' dir='ltr'>manifesta-</span> 
     </span>
     <span class='ocr_line' id='line_1_55' title="bbox 372 4166 1552 4239; baseline 0 -16"><span class='ocrx_word' id='word_1_289' title='bbox 372 4166 588 4225; x_wconf 85' lang='lat' dir='ltr'>tionem</span> <span class='ocrx_word' id='word_1_290' title='bbox 639 4174 696 4225; x_wconf 92' lang='lat' dir='ltr'>et</span> <span class='ocrx_word' id='word_1_291' title='bbox 725 4169 1150 4239; x_wconf 79' lang='lat' dir='ltr'>cognitionem;</span> <span class='ocrx_word' id='word_1_292' title='bbox 1185 4171 1284 4238; x_wconf 84' lang='lat' dir='ltr'>qui</span> <span class='ocrx_word' id='word_1_293' title='bbox 1333 4184 1552 4239; x_wconf 81' lang='lat' dir='ltr'>praepa-</span> 
     </span>
     <span class='ocr_line' id='line_1_56' title="bbox 367 4238 1553 4310; baseline 0.001 -17"><span class='ocrx_word' id='word_1_294' title='bbox 367 4240 519 4294; x_wconf 84' lang='lat' dir='ltr'>rabit</span> <span class='ocrx_word' id='word_1_295' title='bbox 561 4243 710 4296; x_wconf 82' lang='lat' dir='ltr'>viam</span> <span class='ocrx_word' id='word_1_296' title='bbox 753 4245 905 4295; x_wconf 83' lang='lat' dir='ltr'>tuam</span> <span class='ocrx_word' id='word_1_297' title='bbox 952 4239 1318 4310; x_wconf 84' lang='lat' dir='ltr'>praedicando</span> <span class='ocrx_word' id='word_1_298' title='bbox 1352 4238 1553 4310; x_wconf 88' lang='lat' dir='ltr'>&#39;poeni-</span> 
     </span>
    </p>
   </div>
   <div class='ocr_carea' id='block_1_5' title="bbox 1691 474 2882 691">
    <p class='ocr_par' dir='ltr' id='par_1_5' title="bbox 1691 474 2882 691">
     <span class='ocr_line' id='line_1_57' title="bbox 1693 474 2882 549; baseline 0.004 -17"><span class='ocrx_word' id='word_1_299' title='bbox 1693 492 1844 544; x_wconf 90' lang='lat' dir='ltr'>nem,</span> <span class='ocrx_word' id='word_1_300' title='bbox 1861 480 1915 531; x_wconf 93' lang='lat' dir='ltr'>te</span> <span class='ocrx_word' id='word_1_301' title='bbox 1940 474 2330 532; x_wconf 87' lang='lat' dir='ltr'>annuntiando</span> <span class='ocrx_word' id='word_1_302' title='bbox 2356 490 2422 531; x_wconf 86' lang='lat' dir='ltr'>ac</span> <span class='ocrx_word' id='word_1_303' title='bbox 2439 475 2882 549; x_wconf 85' lang='lat' dir='ltr'>manifestando,</span> 
     </span>
     <span class='ocr_line' id='line_1_58' title="bbox 1691 546 2881 621; baseline 0.003 -18"><span class='ocrx_word' id='word_1_304' title='bbox 1691 553 1860 618; x_wconf 86' lang='lat' dir='ltr'>atquo</span> <span class='ocrx_word' id='word_1_305' title='bbox 1899 547 2073 603; x_wconf 87' lang='lat' dir='ltr'>corda</span> <span class='ocrx_word' id='word_1_306' title='bbox 2113 546 2441 605; x_wconf 89' lang='lat' dir='ltr'>auditorum</span> <span class='ocrx_word' id='word_1_307' title='bbox 2488 548 2566 603; x_wconf 89' lang='lat' dir='ltr'>ad</span> <span class='ocrx_word' id='word_1_308' title='bbox 2599 548 2881 621; x_wconf 85' lang='lat' dir='ltr'>recipien-</span> 
     </span>
     <span class='ocr_line' id='line_1_59' title="bbox 1691 616 2879 691; baseline 0.004 -17"><span class='ocrx_word' id='word_1_309' title='bbox 1691 619 1825 675; x_wconf 91' lang='lat' dir='ltr'>dum</span> <span class='ocrx_word' id='word_1_310' title='bbox 1855 624 1909 674; x_wconf 90' lang='lat' dir='ltr'>te</span> <span class='ocrx_word' id='word_1_311' title='bbox 1951 623 2008 674; x_wconf 91' lang='lat' dir='ltr'>et</span> <span class='ocrx_word' id='word_1_312' title='bbox 2046 623 2202 674; x_wconf 92' lang='lat' dir='ltr'>tuam</span> <span class='ocrx_word' id='word_1_313' title='bbox 2234 616 2699 689; x_wconf 76' lang='lat' dir='ltr'>praedicationem</span> <span class='ocrx_word' id='word_1_314' title='bbox 2746 637 2879 691; x_wconf 76' lang='lat' dir='ltr'>per·</span> 
     </span>
    </p>
   </div>
   <div class='ocr_carea' id='block_1_6' title="bbox 1693 689 2978 758">
    <p class='ocr_par' dir='ltr' id='par_1_6' title="bbox 1693 689 2978 758">
     <span class='ocr_line' id='line_1_60' title="bbox 1693 689 2978 758; baseline 0.005 -14"><span class='ocrx_word' id='word_1_315' title='bbox 1693 690 1782 746; x_wconf 88' lang='lat' dir='ltr'>via</span> <span class='ocrx_word' id='word_1_316' title='bbox 1832 689 2124 745; x_wconf 90' lang='lat' dir='ltr'>reddendo</span> <span class='ocrx_word' id='word_1_317' title='bbox 2162 705 2176 756; x_wconf 92' lang='lat'><strong>;</strong></span> <span class='ocrx_word' id='word_1_318' title='bbox 2228 694 2356 744; x_wconf 83' lang='lat' dir='ltr'>ante</span> <span class='ocrx_word' id='word_1_319' title='bbox 2396 695 2467 758; x_wconf 86' lang='lat' dir='ltr'>te,</span> <span class='ocrx_word' id='word_1_320' title='bbox 2523 689 2582 745; x_wconf 93' lang='lat' dir='ltr'>id</span> <span class='ocrx_word' id='word_1_321' title='bbox 2610 696 2696 747; x_wconf 78' lang='lat' dir='ltr'>est</span> <span class='ocrx_word' id='word_1_322' title='bbox 2743 698 2882 750; x_wconf 90' lang='lat' dir='ltr'>ante</span> <span class='ocrx_word' id='word_1_323' title='bbox 2967 714 2978 727; x_wconf 81' lang='lat'><strong>·</strong></span> 
     </span>
    </p>
   </div>
   <div class='ocr_carea' id='block_1_7' title="bbox 1676 760 2882 3304">
    <p class='ocr_par' dir='ltr' id='par_1_7' title="bbox 1681 760 2882 2732">
     <span class='ocr_line' id='line_1_61' title="bbox 1692 760 2878 822; baseline 0.005 -6"><span class='ocrx_word' id='word_1_324' title='bbox 1692 761 2071 817; x_wconf 81' lang='lat' dir='ltr'>ostentionem</span> <span class='ocrx_word' id='word_1_325' title='bbox 2108 765 2269 816; x_wconf 86' lang='lat' dir='ltr'>tuam</span> <span class='ocrx_word' id='word_1_326' title='bbox 2319 760 2392 815; x_wconf 87' lang='lat' dir='ltr'>ad</span> <span class='ocrx_word' id='word_1_327' title='bbox 2436 762 2732 817; x_wconf 88' lang='lat' dir='ltr'>mundum.</span> <span class='ocrx_word' id='word_1_328' title='bbox 2782 764 2878 822; x_wconf 81' lang='lat' dir='ltr'>Sic</span> 
     </span>
     <span class='ocr_line' id='line_1_62' title="bbox 1691 830 2878 904; baseline 0.003 -17"><span class='ocrx_word' id='word_1_329' title='bbox 1691 831 1942 887; x_wconf 84' lang='lat' dir='ltr'>officium</span> <span class='ocrx_word' id='word_1_330' title='bbox 1973 830 2409 901; x_wconf 72' lang='lat' dir='ltr'>praedicatorum</span> <span class='ocrx_word' id='word_1_331' title='bbox 2431 838 2517 887; x_wconf 90' lang='lat' dir='ltr'>est</span> <span class='ocrx_word' id='word_1_332' title='bbox 2546 848 2878 904; x_wconf 70' lang='lat' dir='ltr'>praepamre</span> 
     </span>
     <span class='ocr_line' id='line_1_63' title="bbox 1691 903 2875 963; baseline 0.005 -5"><span class='ocrx_word' id='word_1_333' title='bbox 1691 903 1864 958; x_wconf 88' lang='lat' dir='ltr'>corda</span> <span class='ocrx_word' id='word_1_334' title='bbox 1894 903 2218 959; x_wconf 90' lang='lat' dir='ltr'>auditorum</span> <span class='ocrx_word' id='word_1_335' title='bbox 2265 907 2401 957; x_wconf 89' lang='lat' dir='ltr'>ante</span> <span class='ocrx_word' id='word_1_336' title='bbox 2429 903 2737 961; x_wconf 87' lang='lat' dir='ltr'>adveutum</span> <span class='ocrx_word' id='word_1_337' title='bbox 2760 907 2875 963; x_wconf 89' lang='lat' dir='ltr'>Do·</span> 
     </span>
     <span class='ocr_line' id='line_1_64' title="bbox 1694 972 2882 1045; baseline 0.005 -17"><span class='ocrx_word' id='word_1_338' title='bbox 1694 973 1851 1041; x_wconf 82' lang='lat' dir='ltr'>mini,</span> <span class='ocrx_word' id='word_1_339' title='bbox 1874 975 1946 1029; x_wconf 91' lang='lat' dir='ltr'>ad</span> <span class='ocrx_word' id='word_1_340' title='bbox 1970 973 2250 1045; x_wconf 83' lang='lat' dir='ltr'>judicium</span> <span class='ocrx_word' id='word_1_341' title='bbox 2278 973 2358 1029; x_wconf 88' lang='lat' dir='ltr'>vel</span> <span class='ocrx_word' id='word_1_342' title='bbox 2393 972 2452 1029; x_wconf 93' lang='lat' dir='ltr'>in</span> <span class='ocrx_word' id='word_1_343' title='bbox 2482 980 2749 1035; x_wconf 88' lang='lat' dir='ltr'>mentem.</span> <span class='ocrx_word' id='word_1_344' title='bbox 2788 976 2882 1034; x_wconf 91' lang='lat' dir='ltr'>Di-</span> 
     </span>
     <span class='ocr_line' id='line_1_65' title="bbox 1692 1047 2879 1119; baseline 0.003 -19"><span class='ocrx_word' id='word_1_345' title='bbox 1692 1051 1814 1100; x_wconf 86' lang='lat' dir='ltr'>ctus</span> <span class='ocrx_word' id='word_1_346' title='bbox 1846 1050 1933 1100; x_wconf 88' lang='lat' dir='ltr'>est</span> <span class='ocrx_word' id='word_1_347' title='bbox 1965 1048 2156 1101; x_wconf 88' lang='lat' dir='ltr'>autem</span> <span class='ocrx_word' id='word_1_348' title='bbox 2187 1048 2436 1101; x_wconf 85' lang='lat' dir='ltr'>Joannes</span> <span class='ocrx_word' id='word_1_349' title='bbox 2463 1047 2716 1116; x_wconf 80' lang='lat' dir='ltr'>Angelus</span> <span class='ocrx_word' id='word_1_350' title='bbox 2743 1062 2879 1119; x_wconf 90' lang='lat' dir='ltr'>pro-</span> 
     </span>
     <span class='ocr_line' id='line_1_66' title="bbox 1692 1115 2877 1187; baseline 0.003 -16"><span class='ocrx_word' id='word_1_351' title='bbox 1692 1121 1817 1186; x_wconf 90' lang='lat' dir='ltr'>pter</span> <span class='ocrx_word' id='word_1_352' title='bbox 1847 1115 1957 1172; x_wconf 92' lang='lat' dir='ltr'>duo</span> <span class='ocrx_word' id='word_1_353' title='bbox 1990 1133 2003 1171; x_wconf 74' lang='grc' dir='ltr'>ε</span> <span class='ocrx_word' id='word_1_354' title='bbox 2034 1115 2242 1187; x_wconf 90' lang='lat' dir='ltr'>primo,</span> <span class='ocrx_word' id='word_1_355' title='bbox 2291 1122 2527 1186; x_wconf 87' lang='lat' dir='ltr'>propter</span> <span class='ocrx_word' id='word_1_356' title='bbox 2572 1117 2745 1174; x_wconf 86' lang='lat' dir='ltr'>officii</span> <span class='ocrx_word' id='word_1_357' title='bbox 2784 1118 2877 1174; x_wconf 92' lang='lat' dir='ltr'>di-</span> 
     </span>
     <span class='ocr_line' id='line_1_67' title="bbox 1691 1186 2875 1257; baseline 0.003 -16"><span class='ocrx_word' id='word_1_358' title='bbox 1691 1186 1989 1257; x_wconf 66' lang='lat' dir='ltr'>gnitatem,</span> <span class='ocrx_word' id='word_1_359' title='bbox 2022 1186 2155 1257; x_wconf 84' lang='lat' dir='ltr'>quia</span> <span class='ocrx_word' id='word_1_360' title='bbox 2188 1186 2289 1242; x_wconf 85' lang='lat' dir='ltr'>fuit</span> <span class='ocrx_word' id='word_1_361' title='bbox 2321 1186 2571 1242; x_wconf 78' lang='lat' dir='ltr'>nuntius.</span> <span class='ocrx_word' id='word_1_362' title='bbox 2610 1187 2875 1246; x_wconf 82' lang='lat' dir='ltr'>Officium</span> 
     </span>
     <span class='ocr_line' id='line_1_68' title="bbox 1693 1257 2874 1330; baseline 0.003 -17"><span class='ocrx_word' id='word_1_363' title='bbox 1693 1257 1843 1313; x_wconf 89' lang='lat' dir='ltr'>enim</span> <span class='ocrx_word' id='word_1_364' title='bbox 1875 1259 2230 1328; x_wconf 85' lang='lat' dir='ltr'>Angelorum</span> <span class='ocrx_word' id='word_1_365' title='bbox 2248 1262 2333 1312; x_wconf 92' lang='lat' dir='ltr'>est</span> <span class='ocrx_word' id='word_1_366' title='bbox 2359 1273 2569 1314; x_wconf 89' lang='lat' dir='ltr'>arcana</span> <span class='ocrx_word' id='word_1_367' title='bbox 2593 1260 2874 1330; x_wconf 84' lang='lat' dir='ltr'>revelare,</span> 
     </span>
     <span class='ocr_line' id='line_1_69' title="bbox 1693 1327 2876 1400; baseline 0.003 -16"><span class='ocrx_word' id='word_1_368' title='bbox 1693 1329 1771 1384; x_wconf 90' lang='lat' dir='ltr'>sic</span> <span class='ocrx_word' id='word_1_369' title='bbox 1794 1329 1940 1384; x_wconf 85' lang='lat' dir='ltr'>offici</span> <span class='ocrx_word' id='word_1_370' title='bbox 1952 1327 2296 1385; x_wconf 79' lang='lat' dir='ltr'>umJoanuis</span> <span class='ocrx_word' id='word_1_371' title='bbox 2311 1344 2522 1385; x_wconf 86' lang='lat' dir='ltr'>arcana</span> <span class='ocrx_word' id='word_1_372' title='bbox 2537 1330 2876 1400; x_wconf 81' lang='lat' dir='ltr'>praedicere.</span> 
     </span>
     <span class='ocr_line' id='line_1_70' title="bbox 1691 1400 2876 1470; baseline 0.003 -15"><span class='ocrx_word' id='word_1_373' title='bbox 1691 1402 1850 1464; x_wconf 91' lang='lat' dir='ltr'>Nam,</span> <span class='ocrx_word' id='word_1_374' title='bbox 1893 1400 2037 1455; x_wconf 88' lang='lat' dir='ltr'>sicut</span> <span class='ocrx_word' id='word_1_375' title='bbox 2072 1400 2321 1470; x_wconf 80' lang='lat' dir='ltr'>Angelus</span> <span class='ocrx_word' id='word_1_376' title='bbox 2351 1400 2575 1469; x_wconf 88' lang='lat' dir='ltr'>Gabriel</span> <span class='ocrx_word' id='word_1_377' title='bbox 2605 1402 2876 1459; x_wconf 86' lang='lat' dir='ltr'>nativita-</span> 
     </span>
     <span class='ocr_line' id='line_1_71' title="bbox 1690 1470 2876 1544; baseline 0.002 -17"><span class='ocrx_word' id='word_1_378' title='bbox 1690 1475 1806 1527; x_wconf 89' lang='lat' dir='ltr'>tem</span> <span class='ocrx_word' id='word_1_379' title='bbox 1822 1470 2129 1527; x_wconf 86' lang='lat' dir='ltr'>Salvatoris</span> <span class='ocrx_word' id='word_1_380' title='bbox 2152 1470 2348 1541; x_wconf 87' lang='lat' dir='ltr'>paucis</span> <span class='ocrx_word' id='word_1_381' title='bbox 2371 1470 2729 1528; x_wconf 85' lang='lat' dir='ltr'>annuntiavit</span> <span class='ocrx_word' id='word_1_382' title='bbox 2750 1488 2876 1544; x_wconf 87' lang='lat' dir='ltr'>per-</span> 
     </span>
     <span class='ocr_line' id='line_1_72' title="bbox 1691 1541 2870 1616; baseline 0.005 -19"><span class='ocrx_word' id='word_1_383' title='bbox 1691 1541 1868 1609; x_wconf 72' lang='lat' dir='ltr'>soniS,</span> <span class='ocrx_word' id='word_1_384' title='bbox 1913 1541 2125 1597; x_wconf 85' lang='lat' dir='ltr'>scilicet</span> <span class='ocrx_word' id='word_1_385' title='bbox 2163 1545 2224 1597; x_wconf 91' lang='lat' dir='ltr'>B.</span> <span class='ocrx_word' id='word_1_386' title='bbox 2269 1541 2486 1611; x_wconf 87' lang='lat' dir='ltr'>Virgini</span> <span class='ocrx_word' id='word_1_387' title='bbox 2532 1548 2587 1598; x_wconf 91' lang='lat' dir='ltr'>et</span> <span class='ocrx_word' id='word_1_388' title='bbox 2634 1545 2870 1616; x_wconf 81' lang='lat' dir='ltr'>Joseph‚</span> 
     </span>
     <span class='ocr_line' id='line_1_73' title="bbox 1689 1611 2869 1737; baseline 0.004 -70"><span class='ocrx_word' id='word_1_389' title='bbox 1689 1613 2013 1737; x_wconf 59' lang='lat' dir='ltr'>pastoribus</span> <span class='ocrx_word' id='word_1_390' title='bbox 2040 1618 2096 1668; x_wconf 90' lang='lat' dir='ltr'>et</span> <span class='ocrx_word' id='word_1_391' title='bbox 2125 1611 2305 1684; x_wconf 88' lang='lat' dir='ltr'>Magis</span> <span class='ocrx_word' id='word_1_392' title='bbox 2328 1630 2342 1679; x_wconf 89' lang='lat'>;</span> <span class='ocrx_word' id='word_1_393' title='bbox 2386 1613 2464 1668; x_wconf 90' lang='lat' dir='ltr'>ita</span> <span class='ocrx_word' id='word_1_394' title='bbox 2487 1616 2738 1670; x_wconf 85' lang='lat' dir='ltr'>Joannes</span> <span class='ocrx_word' id='word_1_395' title='bbox 2766 1631 2869 1687; x_wconf 85' lang='lat' dir='ltr'>pa-</span> 
     </span>
     <span class='ocr_line' id='line_1_74' title="bbox 1710 1683 2871 1743; baseline 0.004 -5"><span class='ocrx_word' id='word_1_396' title='bbox 1710 1699 1803 1738; x_wconf 90' lang='lat' dir='ltr'>am</span> <span class='ocrx_word' id='word_1_397' title='bbox 1827 1683 1981 1740; x_wconf 89' lang='lat' dir='ltr'>illum</span> <span class='ocrx_word' id='word_1_398' title='bbox 2013 1683 2117 1739; x_wconf 89' lang='lat' dir='ltr'>toti</span> <span class='ocrx_word' id='word_1_399' title='bbox 2139 1684 2353 1741; x_wconf 90' lang='lat' dir='ltr'>mundo</span> <span class='ocrx_word' id='word_1_400' title='bbox 2376 1684 2678 1741; x_wconf 89' lang='lat' dir='ltr'>nuntiavit.</span> <span class='ocrx_word' id='word_1_401' title='bbox 2708 1686 2871 1743; x_wconf 88' lang='lat' dir='ltr'>Unde</span> 
     </span>
     <span class='ocr_line' id='line_1_75' title="bbox 1686 1755 2870 1826; baseline 0.003 -16"><span class='ocrx_word' id='word_1_402' title='bbox 1686 1756 1878 1810; x_wconf 74' lang='lat' dir='ltr'>Beda:</span> <span class='ocrx_word' id='word_1_403' title='bbox 1937 1755 2248 1825; x_wconf 90' lang='lat' dir='ltr'>«Angelus</span> <span class='ocrx_word' id='word_1_404' title='bbox 2290 1760 2524 1811; x_wconf 85' lang='lat' dir='ltr'>vocatur</span> <span class='ocrx_word' id='word_1_405' title='bbox 2592 1759 2870 1826; x_wconf 86' lang='lat' dir='ltr'>Joannes,</span> 
     </span>
     <span class='ocr_line' id='line_1_76' title="bbox 1686 1824 2869 1898; baseline 0.003 -18"><span class='ocrx_word' id='word_1_406' title='bbox 1686 1841 1802 1880; x_wconf 90' lang='lat' dir='ltr'>non</span> <span class='ocrx_word' id='word_1_407' title='bbox 1821 1830 2039 1882; x_wconf 86' lang='lat' dir='ltr'>naturae</span> <span class='ocrx_word' id='word_1_408' title='bbox 2058 1824 2350 1894; x_wconf 88' lang='lat' dir='ltr'>societate,</span> <span class='ocrx_word' id='word_1_409' title='bbox 2369 1827 2468 1881; x_wconf 91' lang='lat' dir='ltr'>sed</span> <span class='ocrx_word' id='word_1_410' title='bbox 2490 1826 2662 1883; x_wconf 80' lang='lat' dir='ltr'>officii</span> <span class='ocrx_word' id='word_1_411' title='bbox 2684 1827 2869 1898; x_wconf 89' lang='lat' dir='ltr'>digni-</span> 
     </span>
     <span class='ocr_line' id='line_1_77' title="bbox 1687 1896 2869 1970; baseline 0.004 -20"><span class='ocrx_word' id='word_1_412' title='bbox 1687 1900 1821 1952; x_wconf 87' lang='lat' dir='ltr'>tate.</span> <span class='ocrx_word' id='word_1_413' title='bbox 1855 1917 1883 1946; x_wconf 82' lang='lat'>»</span> <span class='ocrx_word' id='word_1_414' title='bbox 1918 1898 2037 1962; x_wconf 89' lang='lat' dir='ltr'>Quo</span> <span class='ocrx_word' id='word_1_415' title='bbox 2080 1896 2332 1965; x_wconf 86' lang='lat' dir='ltr'>nomine,</span> <span class='ocrx_word' id='word_1_416' title='bbox 2381 1902 2535 1953; x_wconf 90' lang='lat' dir='ltr'>recte</span> <span class='ocrx_word' id='word_1_417' title='bbox 2590 1899 2869 1970; x_wconf 86' lang='lat' dir='ltr'>appellari</span> 
     </span>
     <span class='ocr_line' id='line_1_78' title="bbox 1684 1967 2865 2039; baseline 0.003 -17"><span class='ocrx_word' id='word_1_418' title='bbox 1684 1967 1866 2037; x_wconf 89' lang='lat' dir='ltr'>potuit</span> <span class='ocrx_word' id='word_1_419' title='bbox 1906 1968 2076 2023; x_wconf 91' lang='lat' dir='ltr'>homo</span> <span class='ocrx_word' id='word_1_420' title='bbox 2128 1967 2244 2036; x_wconf 90' lang='lat' dir='ltr'>ille,</span> <span class='ocrx_word' id='word_1_421' title='bbox 2284 1967 2383 2039; x_wconf 86' lang='lat' dir='ltr'>qui</span> <span class='ocrx_word' id='word_1_422' title='bbox 2418 1970 2536 2035; x_wconf 77' lang='lat' dir='ltr'>fuit</span> <span class='ocrx_word' id='word_1_423' title='bbox 2570 1973 2773 2025; x_wconf 77' lang='lat' dir='ltr'>missus</span> <span class='ocrx_word' id='word_1_424' title='bbox 2827 1988 2865 2025; x_wconf 83' lang='grc' dir='ltr'><em>α</em></span> 
     </span>
     <span class='ocr_line' id='line_1_79' title="bbox 1681 2041 2865 2110; baseline 0.002 -16"><span class='ocrx_word' id='word_1_425' title='bbox 1681 2042 1791 2094; x_wconf 83' lang='lat' dir='ltr'>Deo</span> <span class='ocrx_word' id='word_1_426' title='bbox 1822 2044 1884 2094; x_wconf 86' lang='lat' dir='ltr'>ut</span> <span class='ocrx_word' id='word_1_427' title='bbox 1928 2042 2298 2094; x_wconf 84' lang='lat' dir='ltr'>testimonium</span> <span class='ocrx_word' id='word_1_428' title='bbox 2341 2041 2654 2110; x_wconf 77' lang='lat' dir='ltr'>perhiberet</span> <span class='ocrx_word' id='word_1_429' title='bbox 2679 2042 2747 2095; x_wconf 85' lang='lat' dir='ltr'>de</span> <span class='ocrx_word' id='word_1_430' title='bbox 2775 2043 2865 2096; x_wconf 82' lang='lat' dir='ltr'>lu-</span> 
     </span>
     <span class='ocr_line' id='line_1_80' title="bbox 1683 2108 2868 2177; baseline 0.002 -13"><span class='ocrx_word' id='word_1_431' title='bbox 1683 2112 1849 2177; x_wconf 81' lang='lat' dir='ltr'>mine,</span> <span class='ocrx_word' id='word_1_432' title='bbox 1884 2114 1941 2164; x_wconf 91' lang='lat' dir='ltr'>et</span> <span class='ocrx_word' id='word_1_433' title='bbox 1997 2108 2314 2165; x_wconf 83' lang='lat' dir='ltr'>venientem</span> <span class='ocrx_word' id='word_1_434' title='bbox 2363 2111 2421 2164; x_wconf 91' lang='lat' dir='ltr'>in</span> <span class='ocrx_word' id='word_1_435' title='bbox 2470 2126 2640 2167; x_wconf 87' lang='lat' dir='ltr'>carne</span> <span class='ocrx_word' id='word_1_436' title='bbox 2676 2112 2868 2168; x_wconf 86' lang='lat' dir='ltr'>Domi-</span> 
     </span>
     <span class='ocr_line' id='line_1_81' title="bbox 1684 2179 2866 2239; baseline 0.003 -4"><span class='ocrx_word' id='word_1_437' title='bbox 1684 2196 1820 2236; x_wconf 91' lang='lat' dir='ltr'>num</span> <span class='ocrx_word' id='word_1_438' title='bbox 1853 2180 2062 2236; x_wconf 90' lang='lat' dir='ltr'>mundo</span> <span class='ocrx_word' id='word_1_439' title='bbox 2094 2179 2406 2237; x_wconf 86' lang='lat' dir='ltr'>nuntiaret.</span> <span class='ocrx_word' id='word_1_440' title='bbox 2445 2183 2510 2236; x_wconf 89' lang='lat' dir='ltr'>Et</span> <span class='ocrx_word' id='word_1_441' title='bbox 2540 2183 2866 2239; x_wconf 84' lang='lat' dir='ltr'>sacerdotes</span> 
     </span>
     <span class='ocr_line' id='line_1_82' title="bbox 1681 2250 2867 2324; baseline 0.003 -18"><span class='ocrx_word' id='word_1_442' title='bbox 1681 2250 1882 2320; x_wconf 90' lang='lat' dir='ltr'>Angeli</span> <span class='ocrx_word' id='word_1_443' title='bbox 1911 2257 2347 2322; x_wconf 81' lang='lat' dir='ltr'>nuncupantur3</span> <span class='ocrx_word' id='word_1_444' title='bbox 2388 2253 2536 2308; x_wconf 90' lang='lat' dir='ltr'>unde</span> <span class='ocrx_word' id='word_1_445' title='bbox 2564 2253 2867 2324; x_wconf 83' lang='lat' dir='ltr'>Apostolus</span> 
     </span>
     <span class='ocr_line' id='line_1_83' title="bbox 1683 2321 2867 2396; baseline 0.004 -20"><span class='ocrx_word' id='word_1_446' title='bbox 1683 2321 1948 2392; x_wconf 73' lang='lat' dir='ltr'>prohibet</span> <span class='ocrx_word' id='word_1_447' title='bbox 1999 2339 2069 2378; x_wconf 91' lang='lat' dir='ltr'>ne</span> <span class='ocrx_word' id='word_1_448' title='bbox 2104 2322 2371 2395; x_wconf 86' lang='lat' dir='ltr'>mulieres</span> <span class='ocrx_word' id='word_1_449' title='bbox 2408 2324 2630 2380; x_wconf 79' lang='lat' dir='ltr'>detecto</span> <span class='ocrx_word' id='word_1_450' title='bbox 2679 2325 2867 2396; x_wconf 88' lang='lat' dir='ltr'>capite</span> 
     </span>
     <span class='ocr_line' id='line_1_84' title="bbox 1683 2394 2866 2464; baseline 0.005 -16"><span class='ocrx_word' id='word_1_451' title='bbox 1683 2399 1869 2461; x_wconf 90' lang='lat' dir='ltr'>orent,</span> <span class='ocrx_word' id='word_1_452' title='bbox 1923 2397 2156 2464; x_wconf 92' lang='lat' dir='ltr'>propter</span> <span class='ocrx_word' id='word_1_453' title='bbox 2201 2394 2447 2464; x_wconf 85' lang='lat' dir='ltr'>Angelos</span> <span class='ocrx_word' id='word_1_454' title='bbox 2500 2395 2620 2462; x_wconf 91' lang='lat' dir='ltr'>Dei,</span> <span class='ocrx_word' id='word_1_455' title='bbox 2672 2395 2730 2450; x_wconf 91' lang='lat' dir='ltr'>id</span> <span class='ocrx_word' id='word_1_456' title='bbox 2775 2401 2866 2454; x_wconf 87' lang='lat' dir='ltr'>est</span> 
     </span>
     <span class='ocr_line' id='line_1_85' title="bbox 1684 2463 2862 2536; baseline 0.003 -17"><span class='ocrx_word' id='word_1_457' title='bbox 1684 2463 2030 2521; x_wconf 89' lang='lat' dir='ltr'>sacerdotes.</span> <span class='ocrx_word' id='word_1_458' title='bbox 2061 2467 2146 2533; x_wconf 87' lang='lat' dir='ltr'>Et,</span> <span class='ocrx_word' id='word_1_459' title='bbox 2179 2465 2488 2522; x_wconf 85' lang='lat' dir='ltr'>secundum</span> <span class='ocrx_word' id='word_1_460' title='bbox 2519 2467 2862 2536; x_wconf 72' lang='lat' dir='ltr'>Greqorium,</span> 
     </span>
     <span class='ocr_line' id='line_1_86' title="bbox 1684 2536 2858 2609; baseline 0.003 -18"><span class='ocrx_word' id='word_1_461' title='bbox 1684 2536 2071 2606; x_wconf 85' lang='lat' dir='ltr'>unusquisque</span> <span class='ocrx_word' id='word_1_462' title='bbox 2121 2537 2330 2605; x_wconf 90' lang='lat' dir='ltr'>fidelis,</span> <span class='ocrx_word' id='word_1_463' title='bbox 2393 2538 2440 2592; x_wconf 92' lang='lat' dir='ltr'>si</span> <span class='ocrx_word' id='word_1_464' title='bbox 2497 2554 2531 2593; x_wconf 92' lang='lat' dir='ltr'>a</span> <span class='ocrx_word' id='word_1_465' title='bbox 2577 2540 2858 2609; x_wconf 86' lang='lat' dir='ltr'>pravitate</span> 
     </span>
     <span class='ocr_line' id='line_1_87' title="bbox 1681 2607 2860 2732; baseline 0.005 -72"><span class='ocrx_word' id='word_1_466' title='bbox 1681 2607 1999 2732; x_wconf 61' lang='lat' dir='ltr'>Eroximum</span> <span class='ocrx_word' id='word_1_467' title='bbox 2034 2612 2262 2664; x_wconf 88' lang='lat' dir='ltr'>revocat</span> <span class='ocrx_word' id='word_1_468' title='bbox 2313 2613 2370 2663; x_wconf 92' lang='lat' dir='ltr'>et</span> <span class='ocrx_word' id='word_1_469' title='bbox 2408 2608 2480 2664; x_wconf 90' lang='lat' dir='ltr'>ad</span> <span class='ocrx_word' id='word_1_470' title='bbox 2523 2610 2738 2666; x_wconf 90' lang='lat' dir='ltr'>bonum</span> <span class='ocrx_word' id='word_1_471' title='bbox 2763 2627 2860 2666; x_wconf 79' lang='lat' dir='ltr'>ex·</span> 
     </span>
    </p>

    <p class='ocr_par' dir='ltr' id='par_1_8' title="bbox 1676 2678 2860 3304">
     <span class='ocr_line' id='line_1_88' title="bbox 1723 2678 2860 2752; baseline 0.004 -20"><span class='ocrx_word' id='word_1_472' title='bbox 1723 2683 1963 2746; x_wconf 90' lang='lat' dir='ltr'>ortatur,</span> <span class='ocrx_word' id='word_1_473' title='bbox 1986 2678 2030 2732; x_wconf 92' lang='lat' dir='ltr'>si</span> <span class='ocrx_word' id='word_1_474' title='bbox 2058 2683 2340 2734; x_wconf 87' lang='lat' dir='ltr'>aeternum</span> <span class='ocrx_word' id='word_1_475' title='bbox 2363 2695 2601 2749; x_wconf 89' lang='lat' dir='ltr'>regnum</span> <span class='ocrx_word' id='word_1_476' title='bbox 2620 2680 2706 2735; x_wconf 87' lang='lat' dir='ltr'>vel</span> <span class='ocrx_word' id='word_1_477' title='bbox 2728 2697 2860 2752; x_wconf 92' lang='lat' dir='ltr'>sup-</span> 
     </span>
     <span class='ocr_line' id='line_1_89' title="bbox 1679 2748 2857 2822; baseline 0.004 -19"><span class='ocrx_word' id='word_1_478' title='bbox 1679 2748 1908 2818; x_wconf 85' lang='lat' dir='ltr'>plicium</span> <span class='ocrx_word' id='word_1_479' title='bbox 1928 2749 2141 2804; x_wconf 88' lang='lat' dir='ltr'>erranti</span> <span class='ocrx_word' id='word_1_480' title='bbox 2203 2750 2521 2816; x_wconf 85' lang='lat' dir='ltr'>denuntiat,</span> <span class='ocrx_word' id='word_1_481' title='bbox 2571 2752 2857 2822; x_wconf 81' lang='lat' dir='ltr'>profecto.</span> 
     </span>
     <span class='ocr_line' id='line_1_90' title="bbox 1678 2818 2851 2891; baseline 0.003 -17"><span class='ocrx_word' id='word_1_482' title='bbox 1678 2820 1945 2889; x_wconf 79' lang='lat' dir='ltr'>AngeluS,</span> <span class='ocrx_word' id='word_1_483' title='bbox 1977 2818 2036 2875; x_wconf 90' lang='lat' dir='ltr'>id</span> <span class='ocrx_word' id='word_1_484' title='bbox 2083 2826 2170 2876; x_wconf 91' lang='lat' dir='ltr'>est</span> <span class='ocrx_word' id='word_1_485' title='bbox 2207 2822 2439 2878; x_wconf 91' lang='lat' dir='ltr'>nuntius</span> <span class='ocrx_word' id='word_1_486' title='bbox 2472 2821 2716 2891; x_wconf 88' lang='lat' dir='ltr'>Domini,</span> <span class='ocrx_word' id='word_1_487' title='bbox 2746 2828 2851 2879; x_wconf 89' lang='lat' dir='ltr'>est.</span> 
     </span>
     <span class='ocr_line' id='line_1_91' title="bbox 1680 2890 2854 2965; baseline 0 -18"><span class='ocrx_word' id='word_1_488' title='bbox 1680 2921 1748 2930; x_wconf 92' lang='lat'>—</span> <span class='ocrx_word' id='word_1_489' title='bbox 1778 2891 2059 2959; x_wconf 81' lang='lat' dir='ltr'>SecundO,</span> <span class='ocrx_word' id='word_1_490' title='bbox 2088 2890 2274 2948; x_wconf 87' lang='lat' dir='ltr'>dictus</span> <span class='ocrx_word' id='word_1_491' title='bbox 2304 2898 2391 2948; x_wconf 88' lang='lat' dir='ltr'>est</span> <span class='ocrx_word' id='word_1_492' title='bbox 2436 2893 2680 2964; x_wconf 85' lang='lat' dir='ltr'>Angelus</span> <span class='ocrx_word' id='word_1_493' title='bbox 2720 2908 2854 2965; x_wconf 80' lang='lat' dir='ltr'>pro-</span> 
     </span>
     <span class='ocr_line' id='line_1_92' title="bbox 1676 2962 2857 3035; baseline 0.004 -19"><span class='ocrx_word' id='word_1_494' title='bbox 1676 2965 1805 3032; x_wconf 88' lang='lat' dir='ltr'>pter</span> <span class='ocrx_word' id='word_1_495' title='bbox 1844 2962 1975 3018; x_wconf 84' lang='lat' dir='ltr'>vitae</span> <span class='ocrx_word' id='word_1_496' title='bbox 2024 2963 2297 3034; x_wconf 84' lang='lat' dir='ltr'>angelicae</span> <span class='ocrx_word' id='word_1_497' title='bbox 2343 2964 2647 3034; x_wconf 85' lang='lat' dir='ltr'>puritatem</span> <span class='ocrx_word' id='word_1_498' title='bbox 2682 2979 2857 3035; x_wconf 74' lang='lat' dir='ltr'>quaxn</span> 
     </span>
     <span class='ocr_line' id='line_1_93' title="bbox 1677 3032 2856 3113; baseline 0.003 -25"><span class='ocrx_word' id='word_1_499' title='bbox 1677 3032 1834 3113; x_wconf 77' lang='lat' dir='ltr'>duxit</span> <span class='ocrx_word' id='word_1_500' title='bbox 1863 3032 1922 3089; x_wconf 90' lang='lat' dir='ltr'>in</span> <span class='ocrx_word' id='word_1_501' title='bbox 1944 3033 2269 3103; x_wconf 88' lang='lat' dir='ltr'>solitudine,</span> <span class='ocrx_word' id='word_1_502' title='bbox 2295 3033 2354 3091; x_wconf 93' lang='lat' dir='ltr'>id</span> <span class='ocrx_word' id='word_1_503' title='bbox 2374 3041 2461 3091; x_wconf 91' lang='lat' dir='ltr'>est</span> <span class='ocrx_word' id='word_1_504' title='bbox 2475 3034 2856 3105; x_wconf 86' lang='lat' dir='ltr'>virginitatem</span> 
     </span>
     <span class='ocr_line' id='line_1_94' title="bbox 1677 3105 2856 3175; baseline 0.004 -18"><span class='ocrx_word' id='word_1_505' title='bbox 1677 3120 1737 3158; x_wconf 82' lang='grc' dir='ltr'>ιη</span> <span class='ocrx_word' id='word_1_506' title='bbox 1767 3105 2265 3175; x_wconf 87' lang='lat' dir='ltr'>contemplatione.</span> <span class='ocrx_word' id='word_1_507' title='bbox 2312 3107 2468 3162; x_wconf 91' lang='lat' dir='ltr'>Unde</span> <span class='ocrx_word' id='word_1_508' title='bbox 2512 3107 2592 3161; x_wconf 92' lang='lat' dir='ltr'>ait</span> <span class='ocrx_word' id='word_1_509' title='bbox 2625 3108 2856 3174; x_wconf 72' lang='lat' dir='ltr'>Chryso-</span> 
     </span>
     <span class='ocr_line' id='line_1_95' title="bbox 1676 3176 2857 3247; baseline 0.004 -19"><span class='ocrx_word' id='word_1_510' title='bbox 1676 3181 1883 3230; x_wconf 82' lang='lat' dir='ltr'>stomus</span> <span class='ocrx_word' id='word_1_511' title='bbox 1903 3195 1920 3230; x_wconf 75' lang='grc' dir='ltr'><strong><em>ε</em></strong></span> <span class='ocrx_word' id='word_1_512' title='bbox 1954 3196 1981 3227; x_wconf 89' lang='lat'>«</span> <span class='ocrx_word' id='word_1_513' title='bbox 2015 3178 2221 3231; x_wconf 85' lang='lat' dir='ltr'>Beatus</span> <span class='ocrx_word' id='word_1_514' title='bbox 2252 3179 2525 3244; x_wconf 87' lang='lat' dir='ltr'>Joannes,</span> <span class='ocrx_word' id='word_1_515' title='bbox 2558 3176 2651 3247; x_wconf 83' lang='lat' dir='ltr'>qui</span> <span class='ocrx_word' id='word_1_516' title='bbox 2682 3178 2857 3233; x_wconf 80' lang='lat' dir='ltr'>talem</span> 
     </span>
     <span class='ocr_line' id='line_1_96' title="bbox 1676 3245 2859 3304; baseline 0.003 -4"><span class='ocrx_word' id='word_1_517' title='bbox 1676 3245 1884 3301; x_wconf 88' lang='lat' dir='ltr'>meruit</span> <span class='ocrx_word' id='word_1_518' title='bbox 1907 3247 2120 3301; x_wconf 90' lang='lat' dir='ltr'>habere</span> <span class='ocrx_word' id='word_1_519' title='bbox 2148 3246 2524 3303; x_wconf 86' lang='lat' dir='ltr'>laudatorem.</span> <span class='ocrx_word' id='word_1_520' title='bbox 2542 3247 2686 3303; x_wconf 87' lang='lat' dir='ltr'>Audi</span> <span class='ocrx_word' id='word_1_521' title='bbox 2703 3264 2859 3304; x_wconf 84' lang='lat' dir='ltr'>nunc</span> 
     </span>
    </p>
   </div>
   <div class='ocr_carea' id='block_1_8' title="bbox 1647 3315 2858 3446">
    <p class='ocr_par' dir='ltr' id='par_1_9' title="bbox 1647 3315 2858 3446">
     <span class='ocr_line' id='line_1_97' title="bbox 1647 3315 2858 3446; baseline 0.002 -75"><span class='ocrx_word' id='word_1_522' title='bbox 1647 3320 1730 3371; x_wconf 89' lang='lat' dir='ltr'>·et</span> <span class='ocrx_word' id='word_1_523' title='bbox 1773 3315 2024 3386; x_wconf 87' lang='lat' dir='ltr'>intellige</span> <span class='ocrx_word' id='word_1_524' title='bbox 2069 3316 2245 3388; x_wconf 90' lang='lat' dir='ltr'>ipsius</span> <span class='ocrx_word' id='word_1_525' title='bbox 2280 3316 2650 3397; x_wconf 74' lang='lat' dir='ltr'>dignitatem3</span> <span class='ocrx_word' id='word_1_526' title='bbox 2695 3324 2858 3446; x_wconf 67' lang='lat' dir='ltr'>pmod</span> 
     </span>
    </p>
   </div>
   <div class='ocr_carea' id='block_1_9' title="bbox 1663 3384 2862 4296">
    <p class='ocr_par' dir='ltr' id='par_1_10' title="bbox 1663 3384 2862 4296">
     <span class='ocr_line' id='line_1_98' title="bbox 1673 3384 2814 3460; baseline 0.004 -19"><span class='ocrx_word' id='word_1_527' title='bbox 1673 3384 1720 3441; x_wconf 90' lang='lat' dir='ltr'>si</span> <span class='ocrx_word' id='word_1_528' title='bbox 1779 3403 1895 3442; x_wconf 91' lang='lat' dir='ltr'>non</span> <span class='ocrx_word' id='word_1_529' title='bbox 1937 3392 2085 3443; x_wconf 86' lang='lat' dir='ltr'>esset</span> <span class='ocrx_word' id='word_1_530' title='bbox 2135 3387 2387 3442; x_wconf 79' lang='lat' dir='ltr'>audaclae</span> <span class='ocrx_word' id='word_1_531' title='bbox 2425 3388 2637 3452; x_wconf 88' lang='lat' dir='ltr'>dicere,</span> <span class='ocrx_word' id='word_1_532' title='bbox 2702 3405 2814 3460; x_wconf 89' lang='lat' dir='ltr'>quo</span> 
     </span>
     <span class='ocr_line' id='line_1_99' title="bbox 1672 3456 2858 3528; baseline 0.006 -16"><span class='ocrx_word' id='word_1_533' title='bbox 1672 3456 1974 3528; x_wconf 86' lang='lat' dir='ltr'>gloriosior</span> <span class='ocrx_word' id='word_1_534' title='bbox 2000 3461 2087 3514; x_wconf 71' lang='lat' dir='ltr'>est</span> <span class='ocrx_word' id='word_1_535' title='bbox 2104 3460 2374 3524; x_wconf 81' lang='lat' dir='ltr'>JoanneS,</span> <span class='ocrx_word' id='word_1_536' title='bbox 2398 3457 2530 3527; x_wconf 84' lang='lat' dir='ltr'>quia</span> <span class='ocrx_word' id='word_1_537' title='bbox 2549 3459 2721 3513; x_wconf 91' lang='lat' dir='ltr'>homo</span> <span class='ocrx_word' id='word_1_538' title='bbox 2750 3460 2858 3518; x_wconf 85' lang='lat' dir='ltr'>suit</span> 
     </span>
     <span class='ocr_line' id='line_1_100' title="bbox 1670 3526 2862 3599; baseline 0.003 -17"><span class='ocrx_word' id='word_1_539' title='bbox 1670 3533 1726 3583; x_wconf 91' lang='lat' dir='ltr'>et</span> <span class='ocrx_word' id='word_1_540' title='bbox 1764 3532 1992 3599; x_wconf 90' lang='lat' dir='ltr'>propter</span> <span class='ocrx_word' id='word_1_541' title='bbox 2020 3526 2285 3584; x_wconf 90' lang='lat' dir='ltr'>meritum</span> <span class='ocrx_word' id='word_1_542' title='bbox 2327 3527 2548 3586; x_wconf 87' lang='lat' dir='ltr'>virtutis</span> <span class='ocrx_word' id='word_1_543' title='bbox 2603 3529 2862 3598; x_wconf 86' lang='lat' dir='ltr'>Angelus</span> 
     </span>
     <span class='ocr_line' id='line_1_101' title="bbox 1670 3597 2856 3670; baseline 0.004 -17"><span class='ocrx_word' id='word_1_544' title='bbox 1670 3603 1757 3654; x_wconf 91' lang='lat' dir='ltr'>est</span> <span class='ocrx_word' id='word_1_545' title='bbox 1782 3604 2033 3666; x_wconf 80' lang='lat' dir='ltr'>vocatuS,</span> <span class='ocrx_word' id='word_1_546' title='bbox 2068 3614 2241 3669; x_wconf 89' lang='lat' dir='ltr'>quam</span> <span class='ocrx_word' id='word_1_547' title='bbox 2261 3597 2308 3654; x_wconf 92' lang='lat' dir='ltr'>si</span> <span class='ocrx_word' id='word_1_548' title='bbox 2339 3598 2572 3654; x_wconf 92' lang='lat' dir='ltr'>nomine</span> <span class='ocrx_word' id='word_1_549' title='bbox 2600 3600 2856 3670; x_wconf 83' lang='lat' dir='ltr'>Angelus</span> 
     </span>
     <span class='ocr_line' id='line_1_102' title="bbox 1671 3669 2857 3740; baseline 0.003 -16"><span class='ocrx_word' id='word_1_550' title='bbox 1671 3674 1727 3725; x_wconf 90' lang='lat' dir='ltr'>et</span> <span class='ocrx_word' id='word_1_551' title='bbox 1755 3673 1964 3725; x_wconf 89' lang='lat' dir='ltr'>natura</span> <span class='ocrx_word' id='word_1_552' title='bbox 2011 3669 2225 3730; x_wconf 84' lang='lat' dir='ltr'>fuisset.</span> <span class='ocrx_word' id='word_1_553' title='bbox 2259 3671 2507 3740; x_wconf 85' lang='lat' dir='ltr'>Angelus</span> <span class='ocrx_word' id='word_1_554' title='bbox 2549 3670 2704 3726; x_wconf 90' lang='lat' dir='ltr'>enim</span> <span class='ocrx_word' id='word_1_555' title='bbox 2743 3672 2857 3728; x_wconf 92' lang='lat' dir='ltr'>hoc</span> 
     </span>
     <span class='ocr_line' id='line_1_103' title="bbox 1669 3740 2853 3813; baseline 0.003 -18"><span class='ocrx_word' id='word_1_556' title='bbox 1669 3740 1857 3811; x_wconf 88' lang='lat' dir='ltr'>ipsum</span> <span class='ocrx_word' id='word_1_557' title='bbox 1887 3742 2039 3811; x_wconf 90' lang='lat' dir='ltr'>quod</span> <span class='ocrx_word' id='word_1_558' title='bbox 2067 3741 2314 3813; x_wconf 87' lang='lat' dir='ltr'>Angelus</span> <span class='ocrx_word' id='word_1_559' title='bbox 2350 3747 2457 3809; x_wconf 90' lang='lat' dir='ltr'>est,</span> <span class='ocrx_word' id='word_1_560' title='bbox 2488 3758 2604 3802; x_wconf 89' lang='lat' dir='ltr'>non</span> <span class='ocrx_word' id='word_1_561' title='bbox 2628 3746 2853 3798; x_wconf 86' lang='lat' dir='ltr'>tantum</span> 
     </span>
     <span class='ocr_line' id='line_1_104' title="bbox 1669 3811 2850 3884; baseline 0.004 -17"><span class='ocrx_word' id='word_1_562' title='bbox 1669 3817 1755 3867; x_wconf 89' lang='lat' dir='ltr'>est</span> <span class='ocrx_word' id='word_1_563' title='bbox 1805 3811 2031 3869; x_wconf 86' lang='lat' dir='ltr'>virtutis</span> <span class='ocrx_word' id='word_1_564' title='bbox 2068 3811 2393 3884; x_wconf 88' lang='lat' dir='ltr'>praemium,</span> <span class='ocrx_word' id='word_1_565' title='bbox 2444 3819 2718 3883; x_wconf 90' lang='lat' dir='ltr'>quantum</span> <span class='ocrx_word' id='word_1_566' title='bbox 2748 3829 2850 3874; x_wconf 82' lang='lat' dir='ltr'>na·</span> 
     </span>
     <span class='ocr_line' id='line_1_105' title="bbox 1669 3883 2850 3955; baseline 0.002 -17"><span class='ocrx_word' id='word_1_567' title='bbox 1669 3887 1811 3940; x_wconf 82' lang='lat' dir='ltr'>turae</span> <span class='ocrx_word' id='word_1_568' title='bbox 1842 3883 2182 3955; x_wconf 90' lang='lat' dir='ltr'>proprietas.</span> <span class='ocrx_word' id='word_1_569' title='bbox 2218 3885 2329 3940; x_wconf 90' lang='lat' dir='ltr'>Iste</span> <span class='ocrx_word' id='word_1_570' title='bbox 2354 3888 2550 3940; x_wconf 89' lang='lat' dir='ltr'>autem</span> <span class='ocrx_word' id='word_1_571' title='bbox 2572 3883 2850 3940; x_wconf 88' lang='lat' dir='ltr'>mirabilis</span> 
     </span>
     <span class='ocr_line' id='line_1_106' title="bbox 1670 3953 2850 4026; baseline 0.003 -16"><span class='ocrx_word' id='word_1_572' title='bbox 1670 3959 1775 4023; x_wconf 87' lang='lat' dir='ltr'>est,</span> <span class='ocrx_word' id='word_1_573' title='bbox 1799 3953 1894 4026; x_wconf 89' lang='lat' dir='ltr'>qui</span> <span class='ocrx_word' id='word_1_574' title='bbox 1926 3954 1986 4010; x_wconf 93' lang='lat' dir='ltr'>in</span> <span class='ocrx_word' id='word_1_575' title='bbox 2006 3960 2214 4013; x_wconf 89' lang='lat' dir='ltr'>natura</span> <span class='ocrx_word' id='word_1_576' title='bbox 2238 3956 2492 4011; x_wconf 91' lang='lat' dir='ltr'>humana</span> <span class='ocrx_word' id='word_1_577' title='bbox 2518 3954 2850 4025; x_wconf 84' lang='lat' dir='ltr'>Angelicam</span> 
     </span>
     <span class='ocr_line' id='line_1_107' title="bbox 1667 4026 2852 4096; baseline 0.003 -15"><span class='ocrx_word' id='word_1_578' title='bbox 1667 4029 2061 4096; x_wconf 89' lang='lat' dir='ltr'>transgressus</span> <span class='ocrx_word' id='word_1_579' title='bbox 2103 4031 2191 4084; x_wconf 90' lang='lat' dir='ltr'>est</span> <span class='ocrx_word' id='word_1_580' title='bbox 2238 4026 2617 4093; x_wconf 87' lang='lat' dir='ltr'>sanctitatem,</span> <span class='ocrx_word' id='word_1_581' title='bbox 2649 4030 2705 4082; x_wconf 88' lang='lat' dir='ltr'>et</span> <span class='ocrx_word' id='word_1_582' title='bbox 2739 4026 2852 4084; x_wconf 88' lang='lat' dir='ltr'>hoc</span> 
     </span>
     <span class='ocr_line' id='line_1_108' title="bbox 1666 4096 2854 4169; baseline 0 -17"><span class='ocrx_word' id='word_1_583' title='bbox 1666 4096 1913 4158; x_wconf 80' lang='lat' dir='ltr'>obtinuit</span> <span class='ocrx_word' id='word_1_584' title='bbox 1938 4113 2043 4169; x_wconf 92' lang='lat' dir='ltr'>per</span> <span class='ocrx_word' id='word_1_585' title='bbox 2089 4097 2337 4169; x_wconf 88' lang='lat' dir='ltr'>gratiam</span> <span class='ocrx_word' id='word_1_586' title='bbox 2369 4097 2488 4165; x_wconf 91' lang='lat' dir='ltr'>Dei,</span> <span class='ocrx_word' id='word_1_587' title='bbox 2531 4096 2685 4167; x_wconf 89' lang='lat' dir='ltr'>quod</span> <span class='ocrx_word' id='word_1_588' title='bbox 2729 4112 2854 4152; x_wconf 89' lang='lat' dir='ltr'>non</span> 
     </span>
     <span class='ocr_line' id='line_1_109' title="bbox 1663 4167 2848 4236; baseline 0.001 -14"><span class='ocrx_word' id='word_1_589' title='bbox 1663 4167 1861 4225; x_wconf 87' lang='lat' dir='ltr'>habuit</span> <span class='ocrx_word' id='word_1_590' title='bbox 1913 4174 2146 4225; x_wconf 88' lang='lat' dir='ltr'>natura:</span> <span class='ocrx_word' id='word_1_591' title='bbox 2183 4190 2214 4220; x_wconf 90' lang='lat'>»</span> <span class='ocrx_word' id='word_1_592' title='bbox 2263 4169 2387 4228; x_wconf 88' lang='lat' dir='ltr'>haec</span> <span class='ocrx_word' id='word_1_593' title='bbox 2415 4170 2848 4236; x_wconf 75' lang='lat' dir='ltr'>chrysostomus.</span> 
     </span>
     <span class='ocr_line' id='line_1_110' title="bbox 1743 4240 2850 4296; baseline -0.003 0"><span class='ocrx_word' id='word_1_594' title='bbox 1743 4261 1806 4296; x_wconf 83' lang='grc' dir='ltr'>ιο</span> <span class='ocrx_word' id='word_1_595' title='bbox 1855 4241 2009 4296; x_wconf 73' lang='lat' dir='ltr'>Nnuo</span> <span class='ocrx_word' id='word_1_596' title='bbox 2043 4258 2203 4296; x_wconf 73' lang='lat' dir='ltr'>mma</span> <span class='ocrx_word' id='word_1_597' title='bbox 2232 4257 2467 4295; x_wconf 77' lang='lat' dir='ltr'>nomNEs</span> <span class='ocrx_word' id='word_1_598' title='bbox 2492 4256 2663 4295; x_wconf 71' lang='lat' dir='ltr'>imon</span> <span class='ocrx_word' id='word_1_599' title='bbox 2692 4240 2850 4294; x_wconf 65' lang='lat' dir='ltr'>Pm-</span> 
     </span>
    </p>
   </div>
   <div class='ocr_carea' id='block_1_10' title="bbox 370 4307 2850 4383">
    <p class='ocr_par' dir='ltr' id='par_1_11' title="bbox 370 4307 2850 4383">
     <span class='ocr_line' id='line_1_111' title="bbox 370 4307 2850 4383; baseline 0 -18"><span class='ocrx_word' id='word_1_600' title='bbox 370 4308 635 4382; x_wconf 88' lang='lat' dir='ltr'>tentiam,</span> <span class='ocrx_word' id='word_1_601' title='bbox 683 4310 1022 4383; x_wconf 80' lang='lat' dir='ltr'>baptizando</span> <span class='ocrx_word' id='word_1_602' title='bbox 1062 4311 1135 4368; x_wconf 89' lang='lat' dir='ltr'>ad</span> <span class='ocrx_word' id='word_1_603' title='bbox 1180 4310 1553 4368; x_wconf 83' lang='lat' dir='ltr'>assuefactio-</span> <span class='ocrx_word' id='word_1_604' title='bbox 1662 4327 1901 4369; x_wconf 67' lang='lat' dir='ltr'>consone</span> <span class='ocrx_word' id='word_1_605' title='bbox 1921 4313 2142 4370; x_wconf 65' lang='lat' dir='ltr'>Donum.</span> <span class='ocrx_word' id='word_1_606' title='bbox 2166 4313 2419 4380; x_wconf 88' lang='lat' dir='ltr'>—Et‚ut</span> <span class='ocrx_word' id='word_1_607' title='bbox 2442 4307 2850 4367; x_wconf 85' lang='lat' dir='ltr'>summamvir-</span> 
     </span>
    </p>
   </div>
  </div>
 </body>
</html>
