3146 5023
292 478 325 529 5
355 472 532 555 liujus
559 469 822 528 miraculi
838 483 1046 542 scopus
1075 472 1132 524 et
1155 484 1248 524 ex-

288 544 582 686 4131132333
619 611 771 669 filius
800 611 1000 683 Reguli
1042 611 1242 668 huma-

325 700 463 742 num
499 700 682 755 genus
710 682 1015 755 significat.

287 762 318 812 5
366 753 655 813 Moraliter
696 753 1010 828 quemlibet
1053 753 1241 827 signat

321 829 700 899 peccatorem.

1327 544 1421 596 152

1319 685 1416 738 155

1316 779 1428 881 155⁸

1177 369 1254 420 ΕΤ
1306 366 1748 420 ΝΠΜΕΒΙΟΒΠΜ.

1559 473 1593 524 6
1648 468 1848 525 Causae
1875 465 2177 539 praecipuae
2204 464 2521 542 spiritualis

1593 536 1964 593 infirmitatis,

1554 632 1585 681 7
1617 608 1884 666 Febrium
1904 612 1961 665 et
1977 610 2341 678 peccatorum
2356 623 2520 666 com·

1587 679 1833 751 paratio.

1548 754 1581 806 8
1606 750 1751 819 Quid
1766 751 1999 824 mystice
2010 750 2294 835 significet
2307 749 2384 805 du
2424 749 2518 805 lex

1580 822 1856 882 adventus
1884 822 2092 883 Christ1
2123 822 2184 880 in
2212 824 2369 881 Cana

574 1065 799 1123 CAPUT
836 1064 1020 1121 LXIV.
1050 1093 1121 1104 —
1144 1065 1223 1119 De
1250 1064 1488 1133 quatuor
1510 1061 1799 1131 parabolis
1826 1059 2051 1117 Domini
2081 1057 2158 1114 ad
2185 1057 2403 1124 turbas,

1005 1139 1058 1191 et
1083 1134 1261 1192 tribus
1287 1133 1363 1189 ad
1391 1132 1695 1204 discipulos
1730 1132 1961 1189 habitis.

295 1345 314 1378 1
349 1321 393 1378 Ε
420 1319 573 1390 navi,
618 1336 733 1392 qua
768 1322 1247 1394 praefigurabatur

323 1391 592 1462 Ecclesia,
621 1408 726 1465 per
745 1394 1049 1465 parabolas
1083 1393 1249 1450 docet

327 1461 604 1520 Christus⁸

293 1533 635 1616 2·Parabola
670 1533 744 1615 de
791 1531 1107 1590 seminante
1146 1547 1249 1607 per

288 1604 978 1733 διὸἳὲἒεθιῗὲἓῗιῐιὲἱυιιω
989 1691 1134 1757 quos
1149 1676 1247 1733 dat

322 1750 477 1802 terra
505 1746 659 1803 hona
686 1746 836 1802 unde
889 1752 1168 1804 rovemat.

287 1823 319 1887 4
349 1819 523 1873 Terra
550 1816 701 1875 mala
729 1817 841 1890 trip
866 1817 1029 1875 iciter
1046 1817 1246 1874 distin-

323 1886 515 1958 guitur
531 1904 547 1955 3
564 1904 681 1944 non
711 1893 903 1946 autem
923 1890 1093 1960 bona,
1112 1887 1247 1962 quia

324 1974 441 2014 una
468 1962 556 2014 est
588 1958 861 2017 Ecclesia.

289 2035 320 2086 5
356 2029 638 2110 parabola
650 2031 722 2086 de
747 2030 966 2087 zizania
992 2046 1249 2103 superse-

325 2105 569 2156 minata:
608 2101 745 2172 quid
772 2104 887 2159 sint
913 2118 1051 2173 ager
1077 2106 1136 2160 et
1163 2118 1246 2159 se-

328 2186 462 2227 men
489 2170 717 2228 Christi.

294 2247 326 2298 6
359 2241 638 2298 Dormitio
669 2243 1038 2314 praelatorum
1067 2249 1124 2301 et
1153 2261 1243 2302 se·

326 2311 485 2368 mina
514 2311 746 2370 diaboli.

288 2406 318 2455 7
351 2384 714 2464 Sustinentur
757 2384 895 2442 mali
946 2385 1129 2449 tribus
1174 2386 1246 2445 de

325 2469 530 2511 causis·

290 2529 322 2580 8
348 2523 493 2594 Quid
545 2530 676 2581 sunt
736 2530 960 2598 tempus
1021 2528 1245 2599 messiS‚

323 2611 628 2663 messoreS,
658 2595 913 2653 fasciculi
942 2597 1159 2670 alligati
1190 2605 1246 2656 et

321 2682 427 2724 con
498 2666 687 2738 egatio
725 2666 942 2725 tritici?

287 2760 321 2810 9
348 2739 428 2794 Ea
469 2752 561 2794 em
608 2737 888 2810 parabola
933 2740 1246 2799 secundum

321 2811 598 2866 Marcum.

258 2901 321 2935 10
357 2879 634 2937 Parabola
670 2879 743 2936 de
779 2896 958 2962 grano
990 2880 1244 2955 sinapis;

320 2948 382 3006 in
410 2966 524 3023 qua
548 2950 894 3009 describitur
920 2955 1106 3010 status
1132 2955 1244 3010 Ec·-

1323 1464 1421 1517 156

1325 1606 1421 1674 157

1320 1749 1422 1816 159

1326 1961 1424 2026 140

2616 363 2704 413 349

2598 542 2696 605 154

2595 682 2691 736 155

2602 825 2700 879 156

1607 1315 1797 1374 clesiae
1838 1320 1969 1389 post
1996 1317 2299 1374 haereseon
2339 1329 2533 1372 surre-
2593 1296 2597 1300 ¹

1609 1387 1876 1446 ctionem.

1542 1482 1564 1516 1
1581 1482 1600 1516 ι
1631 1460 1910 1517 Parabola
1928 1460 1999 1518 de
2020 1460 2320 1525 fermento,
2338 1456 2403 1513 in
2422 1473 2534 1539 qua

1608 1530 1953 1589 describitur
2007 1536 2188 1588 status
2267 1529 2534 1587 Ecclesiae

1608 1617 1854 1673 sequens
1915 1601 2323 1661 exaltationem
2378 1601 2525 1657 San-

1610 1676 1849 1730 ctorum.

1544 1766 1564 1801 1
1577 1765 1606 1801 2
1629 1745 1906 1802 Parabola
1924 1744 2063 1818 quid
2078 1744 2181 1802 sit‘?
2194 1749 2252 1802 et
2271 1744 2344 1803 de
2360 1744 2531 1801 modo

1609 1813 1881 1873 audiendi
1908 1817 2235 1874 Dominum.

1544 1891 1607 1944 15
1638 1888 1752 1944 Cur
1804 1887 2060 1945 Christus
2113 1887 2175 1943 in
2237 1883 2531 1961 parabolis

1609 1955 1791 2014 turbis
1818 1957 2187 2031 loqueretur?

1545 2033 1608 2096 1¹4
1630 2029 1911 2086 Parabola
1928 2027 2000 2088 de
2014 2030 2285 2087 thesauro
2296 2031 2535 2089 abscon-

1611 2098 1751 2168 dito,
1770 2098 1833 2156 in
1853 2116 1965 2173 qua
1981 2099 2326 2158 describitur
2348 2107 2534 2160 status

1611 2169 1877 2228 Ecclesiae
1907 2178 2039 2245 post
2061 2170 2533 2246 praedicationem

1610 2240 2001 2312 apostolicam.

1544 2316 1607 2370 15
1638 2313 1919 2371 Parabola
1964 2314 2036 2371 de
2079 2314 2392 2386 margarita
2438 2312 2533 2371 in-

1610 2388 1799 2454 venta,
1831 2383 1893 2441 in
1921 2400 2036 2456 qua
2064 2384 2325 2457 signatur
2349 2389 2533 2443 status

1609 2455 1876 2513 Ecclesiae
1930 2457 2157 2528 quando
2202 2456 2385 2515 ditata
2429 2457 2536 2514 fuit

1609 2526 1916 2585 Ordinibus
1963 2527 2248 2601 religiosis
2289 2527 2535 2586 maxime

1608 2597 2084 2669 contemplativis,

1543 2670 1608 2725 16
1641 2668 1922 2725 Parabola
1937 2669 2007 2725 de
2032 2684 2246 2740 sagena
2267 2667 2442 2726 missa
2473 2669 2532 2726 in

1609 2754 1788 2805 mare,
1819 2738 1880 2795 in
1908 2754 2021 2811 qua
2047 2755 2302 2811 praesens
2336 2741 2532 2798 Eccle-

1609 2808 1710 2866 siae
1735 2814 1918 2866 status
1944 2809 2310 2869 describitur.

1541 2904 1603 2956 17
1635 2882 1908 2937 Doctores
1936 2897 2056 2938 non
2080 2882 2293 2938 debent
2328 2879 2530 2940 audire

1605 2955 1853 3024 tantum,
1886 2952 1989 3010 sed
2017 2957 2074 3010 et
2100 2951 2446 3025 intelligere.

505 3195 732 3255 CAPUT
757 3194 914 3252 LXV.
943 3223 1014 3236 —
1039 3196 1117 3265 De
1143 3194 1386 3251 adventu
1404 3198 1629 3253 Domini
1651 3200 1713 3254 in
1747 3198 2029 3258 Nazareth
2066 3194 2289 3268 quando
2327 3195 2462 3267 legit

642 3268 704 3324 in
730 3281 1016 3338 synaqoqa
1042 3282 1248 3338 eorum,
1283 3271 1337 3323 et
1362 3268 1479 3340 ipsi
1512 3269 1769 3328 volebant
1786 3271 2143 3343 praecipitare
2178 3283 2321 3325 eum.

299 3477 319 3510 1
356 3455 519 3511 Jesus
563 3452 624 3509 in
665 3468 861 3512 ressus
899 3469 1251 3536 synagogam

324 3525 601 3581 Nazareth
663 3525 779 3597 egit
820 3527 981 3582 Isa1ae
1004 3525 1252 3599 prophe-

328 3594 488 3651 tiam.
823 3646 831 3656 .

291 3688 318 3723 α
359 3663 674 3748 Applicatio
697 3666 888 3746 ‘huJus
932 3667 1250 3737 prophetiae

322 3736 544 3793 Christo
557 3738 614 3791 et
624 3735 855 3793 cuilibet
866 3736 1249 3808 praedicatori.

291 3813 323 3865 5
352 3809 432 3864 De
452 3805 776 3863 reverentia
799 3822 939 3878 erga
958 3806 1138 3865 libros
1153 3826 1245 3866 sa-

324 3893 453 3934 cros
489 3877 773 3959 habenda,
805 3881 864 3934 et
891 3879 964 3936 de
990 3879 1243 3951 pulchri-

326 3948 523 4004 tudine
561 3947 792 4004 Christl.

288 4025 322 4088 4
350 4018 616 4076 Omnium
657 4017 931 4075 Ordinum
972 4021 1165 4080 officia
1191 4022 1251 4081 in

326 4089 513 4162 seipso
576 4088 908 4163 adimplevit
956 4093 1246 4151 Dominus,
1333 4097 1429 4151 152

286 4165 318 4217 5
341 4161 562 4219 Christo
638 4159 1029 4219 testimonium
1110 4163 1252 4222 dant

325 4231 632 4305 simplices,
646 4232 1104 4292 scandalizantur
1113 4251 1249 4294 vero

332 4302 628 4362 Pharisaei.

1333 3600 1424 3655 151

1333 3742 1424 3796 151

1328 3955 1429 4009 152

1334 4311 1431 4365 155

1563 3461 1598 3512 6
1622 3454 1817 3513 Nullus
1867 3456 2155 3529 Propheta
2223 3452 2288 3513 in
2342 3463 2534 3532 patria

1597 3530 1883 3599 acceptus

1558 3619 1591 3670 7
1621 3599 1732 3656 Cur
1765 3597 2042 3655 Dominus
2064 3598 2224 3656 nulla
2255 3603 2423 3677 signa
2449 3605 2528 3664 fe-

1598 3669 1740 3725 cerit
1774 3668 1838 3725 in
1864 3671 2149 3726 Nazareth
2168 3670 2199 3725 *Ι

1536 3729 1543 3736 ’
1562 3743 1596 3795 8
1623 3739 1956 3811 Exemplum
1976 3740 2151 3797 sumit
2179 3743 2437 3804 Christus
2456 3749 2528 3805 de

1601 3808 1724 3867 Elia
1752 3815 1810 3866 et
1838 3810 2065 3867 Elisaeo.

1565 3904 1600 3954 9
1633 3880 1835 3938 Mulier
1855 3882 2169 3954 Sareptana
2190 3888 2248 3941 et
2274 3889 2529 3950 Naaman

1599 3950 1661 4008 in
1692 3967 1863 4008 sensu
1894 3953 2121 4011 morali.

1534 4046 1599 4081 10
1616 4021 1938 4095 Indignatio
1954 4024 2333 4088 habitantium
2349 4034 2525 4090 Naza-

2590 1391 2709 1453 145

2614 2604 2711 2668 148

2598 2816 2697 2885 149

2605 2958 2704 3011 150

2607 3529 2701 3592 154

2608 3670 2706 3734 154

2609 3813 2705 3865 155

2609 3957 2708 4010 155

1599 4096 1762 4163 reth;
1821 4094 2109 4153 Christum
2160 4102 2522 4176 praecipitare
2606 4105 2612 4111 '

1600 4170 1844 4224 tentant.

1537 4258 1593 4295 ιι
1628 4238 1882 4305 Quatuor
1909 4240 2095 4298 modis
2123 4259 2279 4303 mors
2297 4246 2526 4305 Christo
2571 4267 2576 4272 ·

1603 4305 1911 4368 intentata.

2613 4181 2711 4232 156

2617 4324 2709 4392 157
