3146 5023
885 302 978 357 nr
1037 306 1275 362 sciunt
1330 310 1585 363 notoso
1642 312 1719 365 si·
1774 315 2033 369 DUOBUS
2086 285 2290 374 imis.
2381 333 2388 337 ·
2781 328 2815 378 τ

337 412 417 468 de
449 429 653 484 genere
682 433 808 486 suo,
832 424 890 474 et
913 419 1225 491 allegantes
1251 427 1399 495 quod
1432 431 1517 482 est

336 484 399 538 in
436 500 521 539 eo
542 489 915 559 praecipuum,
945 507 1056 546 non
1086 494 1248 550 habet
1271 495 1515 559 domici·

324 554 471 610 lium
497 561 816 628 proprium,
842 562 944 616 ubi
969 579 1032 618 ca
1115 569 1138 621 t
1163 582 1323 624 suum
1351 569 1509 624 recli-

323 631 441 693 net,
482 628 556 682 ad
607 633 980 698 pausandum.
1081 636 1199 691 uasi
1246 638 1501 695 diceret:

318 697 506 753 Bruta
537 699 756 757 hahent
782 719 886 759 sua
907 704 1141 762 latibula
1173 713 1228 763 et
1254 710 1380 766 loca
1410 712 1507 766 ubi

316 774 569 837 possunt
598 771 776 829 latere
809 782 865 830 et
899 776 1230 849 quiescere;
1269 797 1375 853 ego
1403 798 1504 838 au-

315 845 444 894 tem
498 856 625 897 sum
678 845 756 900 ita
803 862 1019 916 pauper
1055 850 1207 919 quod
1246 868 1360 908 non
1401 855 1502 909 ha-

317 908 437 965 heo
478 912 846 983 hospitiolum
886 921 1198 989 proprium,
1239 923 1336 978 ubi
1370 940 1499 994 per·

312 979 592 1057 cipiendo
630 987 880 1056 quietem
914 995 1082 1060 caput
1112 992 1404 1061 reclinem,
1446 1002 1503 1051 et

314 1050 458 1107 ideo
487 1053 704 1111 frustra
740 1061 897 1114 venis
927 1061 1000 1116 ad
1036 1077 1125 1117 me
1155 1071 1385 1135 propter
1412 1066 1497 1122 lu-

311 1136 485 1179 crum
505 1130 843 1196 temporale.
873 1129 1031 1188 Unde
1054 1134 1496 1204 chrysostomus:

312 1210 345 1245 a
376 1194 587 1264 Aspice
617 1200 863 1267 qualiter
890 1211 1297 1276 paupertatem,
1326 1223 1496 1278 quam

310 1264 603 1322 Dominus
631 1271 921 1338 docuerat,
946 1290 1049 1344 per
1068 1291 1238 1345 opera
1265 1280 1498 1335 demon·

311 1340 509 1394 strat:
563 1354 680 1396 non
719 1348 842 1398 erat
880 1346 931 1399 ei
965 1360 1179 1413 mensa,
1214 1364 1330 1404 non
1360 1367 1494 1406 can-

311 1405 645 1479 delabrum,
709 1428 814 1469 nec
881 1416 1106 1483 domuS,
1168 1435 1273 1475 nec
1331 1422 1496 1492 quid-

308 1489 496 1546 quam
541 1482 740 1539 talium
774 1507 787 1541 ε
818 1504 846 1537 ))
897 1487 1018 1542 haec
1064 1490 1492 1558 chrysostomus.

309 1547 699 1618 Hospitiolum
744 1555 971 1626 quidem
1011 1558 1210 1615 habuit
1248 1563 1497 1634 Virginis

305 1622 546 1675 uterum
566 1639 582 1690 ;
610 1626 1034 1684 reclinatorium
1061 1630 1277 1700 habuit,
1296 1649 1497 1702 praese-

346 1689 475 1746 ium
507 1707 620 1748 non
651 1700 965 1769 proprium,
989 1705 1045 1755 et
1071 1704 1252 1758 crucis
1278 1705 1496 1773 patibu-

327 1775 463 1841 u·m;
482 1765 846 1834 sepulchrum
866 1770 1084 1840 habuit,
1104 1774 1198 1827 sed
1219 1776 1490 1835 alienum.

297 1830 417 1886 Hic
460 1849 599 1905 ergo
639 1847 962 1896 removetur
997 1843 1271 1912 cupiditas
1306 1850 1489 1902 terre-

298 1916 527 1960 norum
567 1922 600 1960 a
633 1909 954 1967 volentibus
981 1915 1140 1984 sequi
1183 1914 1488 1974 Christum.

302 1972 528 2031 Audita
551 1983 741 2035 autem
773 1983 979 2037 Christi
1001 1993 1352 2055 paupertate,
1375 2004 1489 2045 non

297 2043 519 2124 institit
549 2049 813 2121 ampliuS,
839 2060 900 2108 ut
937 2063 1287 2126 sequeretur.
1329 2061 1487 2117 Unde

301 2114 471 2171 idem
525 2120 938 2188 Chrysostomus
981 2143 995 2182 :
1040 2145 1068 2179 «
1109 2129 1230 2183 Non
1295 2137 1487 2187 autem

299 2190 647 2266 respondet,
682 2208 884 2264 sequar
913 2200 970 2250 te
1010 2213 1338 2268 pauperem,
1376 2202 1487 2258 hoc

292 2271 463 2313 enim
488 2262 761 2319 Dominus
779 2265 1018 2322 forsitan
1040 2272 1426 2328 concessisset.
1455 2292 1483 2327 »

292 2329 410 2383 Hic
431 2346 535 2400 per
554 2335 766 2405 vulpes,
794 2337 1058 2394 dolositas
1083 2346 1138 2395 et
1161 2342 1445 2401 simulatio
1465 2362 1481 2414 ;

293 2414 412 2469 per
438 2404 705 2468 volueres,
732 2407 1207 2479 inanisjactantia
1234 2419 1291 2467 et
1311 2415 1481 2470 elatio

291 2470 627 2544 signantur.
688 2477 854 2544 Quasi
899 2480 1112 2538 diceret
1164 2484 1480 2543 Dominus:

294 2542 588 2601 Dolositas
611 2552 667 2602 et
693 2549 859 2606 elatio
883 2552 1063 2608 latent
1084 2554 1141 2609 in
1165 2557 1335 2611 corde
1359 2563 1480 2629 tuo,

291 2615 440 2684 quia
500 2617 719 2674 scilicet
782 2638 954 2679 causa
1021 2626 1346 2695 cupiditatis
1419 2635 1481 2683 et

290 2700 466 2766 vanae
515 2689 713 2760 gloriae
758 2690 838 2748 vis
885 2710 977 2751 me
1022 2698 1178 2767 sequi
1211 2718 1224 2764 ;
1262 2705 1317 2753 et
1351 2699 1479 2754 ideo

294 2760 359 2811 te
386 2772 446 2812 in
480 2761 816 2818 societatem
846 2780 1031 2821 meam
1071 2783 1183 2823 non
1213 2770 1435 2839 recipio
1461 2792 1474 2826 ε

296 2828 439 2953 guia
483 2831 664 2886 Filius
710 2835 946 2892 hominis
994 2839 1232 2909 simplex
1277 2848 1482 2897 contra

342 2898 688 2972 olositatem,
742 2906 970 2965 humilis
1019 2916 1218 2970 contra
1273 2926 1476 2980 super-

294 2967 481 3039 biam,
529 2987 640 3027 non
678 2976 838 3032 habet
883 2979 943 3032 in
972 2983 1026 3033 te
1065 2981 1164 3035 ubi
1193 2987 1359 3051 caput
1386 2997 1476 3036 re-

294 3040 490 3098 clinet.
536 3044 717 3113 Caput
757 3049 907 3103 enim
941 3049 1148 3107 Christi
1193 3053 1342 3107 Deus
1373 3059 1476 3122 est,

294 3111 450 3168 Deus
476 3119 668 3170 autem
698 3118 919 3175 habitat
946 3121 1004 3175 in
1033 3122 1234 3177 humili
1262 3128 1320 3177 et
1348 3124 1482 3177 sim-

292 3181 434 3263 plici
484 3190 541 3239 et
586 3190 864 3245 tremente
912 3194 1378 3265 sei-monesejus,
1423 3199 1480 3248 et

288 3268 420 3323 ipsa
470 3255 767 3315 reclinatio
817 3263 1038 3332 capitis,
1089 3279 1203 3318 non
1258 3264 1475 3319 erectio

287 3323 635 3384 humilitatis
683 3333 955 3404 magistra
991 3339 1092 3400 est,
1128 3350 1257 3405 quae
1285 3336 1343 3389 in
1377 3334 1477 3389 illo

254 3394 486 3453 docum
512 3412 626 3454 non
653 3401 882 3461 habent.
911 3405 975 3459 In
999 3405 1182 3460 tribus
1208 3419 1345 3477 ergo
1372 3406 1476 3461 iste

286 3469 738 3537 reprehenditur
796 3490 830 3529 a
890 3476 1154 3545 Domino,
1213 3477 1513 3531 scilicetz'

289 3536 356 3592 in
381 3537 704 3612 dolositate,
731 3546 865 3615 quia
884 3545 1019 3601 ficto
1047 3549 1241 3602 animo
1271 3553 1329 3602 et
1360 3562 1474 3601 non

291 3609 539 3680 simplici
586 3617 745 3684 sequi
775 3617 1035 3684 volebat;
1077 3619 1223 3673 etin
1254 3618 1474 3698 cupidi-

290 3684 433 3750 tate,
467 3681 600 3752 quia
625 3700 754 3740 eum
793 3702 893 3757 pro
922 3694 1137 3757 quaestu
1177 3692 1337 3759 sequi
1378 3705 1471 3742 in-

289 3752 567 3808 tendebat
586 3770 604 3823 ;
635 3757 769 3810 etin
792 3759 1062 3827 elatione,
1083 3760 1218 3829 quia
1238 3765 1474 3839 propter

290 3821 526 3878 inanem
571 3826 811 3895 gloriam
857 3830 909 3884 ei
948 3831 1245 3891 adhaerere
1279 3846 1472 3899 cupie-

282 3891 429 3950 bat:
483 3896 629 3950 sicut
678 3900 871 3969 vulpes
909 3907 994 3956 est
1035 3901 1250 3956 animal
1279 3900 1472 3971 fallax,

284 3962 509 4020 insidiis
539 3967 845 4040 intentum,
875 3974 933 4026 et
952 3973 1166 4042 rapinis
1196 3972 1430 4043 plenum
1456 3988 1472 4040 ;

283 4033 407 4091 avis
451 4052 590 4092 vero
630 4040 748 4095 alta
791 4047 994 4112 petens
1045 4048 1103 4098 et
1154 4043 1474 4098 ascendens

277 4120 534 4164 sursum.
584 4111 688 4165 Hic
727 4127 863 4184 ergo
905 4114 1068 4184 sequi
1098 4114 1326 4170 volebat
1354 4114 1474 4167 Ma-

277 4178 548 4249 gistrum,
601 4197 719 4236 non
782 4187 844 4238 ut
899 4185 1144 4240 virtutes
1202 4183 1472 4264 disceret,

280 4262 402 4306 non
450 4257 514 4306 ut
551 4259 951 4324 paupertatem
989 4264 1047 4312 et
1090 4256 1476 4311 humilitatem

1639 423 1889 491 Magistri
1913 424 2252 495 imitaretur,
2268 429 2367 484 sed
2387 436 2448 487 ut
2467 431 2630 487 fictus
2646 432 2820 491 disci-

1633 494 1795 560 pulus
1817 497 2122 567 deciperet,
2138 506 2196 554 et
2215 500 2320 555 sub
2337 503 2604 573 Magistro
2624 504 2818 561 humi-

1626 562 1800 620 litatis
1833 574 1888 623 et
1920 571 2288 639 paupertatis,
2314 572 2598 629 honorum
2625 576 2812 646 digni·

1626 640 1769 691 tates
1794 640 2038 695 ambiret
2065 645 2121 695 et
2148 642 2371 700 divitias
2401 655 2802 711 congregaret.

1695 712 1727 762 5
1759 708 1860 774 Qui
1900 727 2018 766 smr
2055 729 2178 767 nuic
2217 715 2422 770 Scainffl:
2454 715 2707 775 SIMILES?
2730 747 2804 761 -

1621 776 1690 832 Et
1738 779 1887 836 hunc
1939 784 2222 840 ambitiosi
2272 792 2329 840 et
2381 787 2682 843 simoniaci
2737 790 2806 846 in'

1619 848 1867 908 Ecclesia
1911 853 2226 924 imitantur,
2277 856 2398 927 qui·
2437 858 2680 928 cupiunt
2721 860 2797 917 ad

1619 919 1736 975 alta
1757 923 2018 991 subvehi,
2041 933 2340 995 quaerentes
2368 945 2490 999 quae
2512 946 2617 986 sua
2638 936 2800 996 sunt,

1616 1004 1725 1045 non
1774 1010 1896 1063 quae
1925 998 2054 1051 Jesu
2096 998 2328 1063 Christi,
2359 1016 2476 1056 non
2526 1009 2589 1057 ut
2617 1003 2793 1058 mini-

1612 1066 1813 1134 strent,
1849 1067 1946 1121 sed
1992 1072 2053 1122 ut
2092 1069 2505 1142 ministrentur,
2556 1080 2613 1128 et
2659 1072 2798 1130 ideo

1614 1134 1768 1203 vulpi
1811 1136 2040 1208 dolosae,
2093 1146 2149 1194 et
2190 1141 2403 1197 volanti
2447 1143 2538 1198 avi
2584 1145 2796 1200 merito

1614 1214 2035 1276 comparantur.
2070 1211 2178 1266 Per
2207 1212 2359 1268 hunc
2397 1214 2568 1268 etiam
2609 1215 2796 1283 signi·

1614 1272 1861 1332 ficantur
1907 1287 2229 1351 quaerentes
2280 1284 2495 1338 intrare
2552 1286 2792 1356 religio-

1611 1359 1769 1412 nem,
1823 1349 1907 1404 vel
1958 1353 2369 1408 monasterium
2421 1353 2648 1410 divitias
2683 1357 2791 1412 ha-

1611 1414 1891 1488 bentium,
1918 1435 2035 1475 non
2058 1438 2123 1477 ex
2151 1421 2476 1493 devotione,
2508 1427 2606 1481 sed
2633 1432 2694 1482 ut
2720 1443 2790 1483 ex

1613 1490 1956 1556 pauperibus
1985 1492 2209 1560 diviteS,
2251 1500 2305 1548 et
2344 1510 2408 1549 ex
2442 1504 2666 1552 contem
2713 1497 2786 1555 ti·

1613 1556 1821 1615 bilibus
1876 1561 2143 1618 honorati
2196 1566 2358 1620 tiant.
2400 1567 2532 1627 ideo
2576 1570 2673 1622 tali
2722 1584 2791 1625 us

1612 1627 1824 1685 dicitur
1852 1649 1865 1687 ε
1899 1634 2109 1703 Vulpes
2130 1636 2322 1702 foveas
2353 1637 2574 1706 habent,
2607 1644 2660 1693 ct
2686 1655 2788 1694 vo-

1614 1700 1790 1755 lucres
1842 1705 1965 1758 coeli
2009 1706 2191 1774 nidos,
2250 1707 2307 1761 id
2359 1714 2443 1763 est
2495 1708 2788 1771 daemones

1609 1770 1792 1827 dolosi
1840 1781 1897 1829 et
1961 1778 2190 1847 superbi
2248 1778 2466 1833 habent
2515 1779 2574 1834 in
2621 1780 2792 1837 vohis

1607 1841 2014 1914 habitaculum,
2038 1848 2138 1902 sed
2158 1864 2276 1903 non
2291 1849 2564 1906 Christus.
2590 1852 2789 1909 Potest

1606 1911 1840 1984 insuper
1877 1915 2008 1986 dici,
2050 1921 2200 1989 quod
2229 1922 2423 1990 vulpes
2451 1923 2644 1989 foveas
2675 1923 2784 1977 lta—

1607 1981 1750 2054 bent,
1776 1987 1830 2041 id
1848 1994 1933 2043 est
1960 1989 2140 2044 dolosi
2170 1991 2384 2046 habent
2406 1994 2679 2063 cautelas,
2707 1993 2787 2048 ad

1604 2067 1743 2123 quas
1790 2058 2101 2128 refugiunt,
2145 2075 2214 2114 nc
2255 2062 2312 2115 in
2341 2063 2456 2115 suis
2483 2064 2789 2131 capiantur

1603 2126 1878 2197 malitiis;
1935 2133 1988 2185 et
2038 2130 2286 2186 volucres
2327 2133 2698 2212 mit-nidos„
2724 2134 2785 2188 id

1602 2202 1685 2250 est
1715 2200 1943 2267 superbi
1970 2207 2236 2270 quaerunt
2274 2200 2484 2256 elevari
2515 2204 2574 2255 in
2601 2204 2737 2256 altis
2764 2221 2778 2270 ;

1599 2269 1780 2324 Filius
1825 2276 2008 2326 autem
2047 2273 2287 2327 hominis
2309 2288 2419 2327 non
2459 2274 2643 2338 habet,
2685 2272 2800 2327 ubi,

1599 2345 1766 2409 caput
1793 2356 1954 2397 suum
1981 2344 2230 2411 reclinet,
2261 2344 2322 2398 in
2350 2342 2580 2414 talibuS‚
2608 2343 2664 2399 id
2696 2347 2786 2422 est.

1596 2408 1694 2465 ille
1733 2413 1831 2481 qui
1862 2412 2173 2468 secundum
2213 2416 2498 2469 dictamen
2539 2413 2786 2493 rationis

1597 2482 1753 2550 vivit,
1796 2484 1935 2540 talia
1966 2499 2082 2539 non
2111 2481 2335 2556 quaerit.
2373 2486 2442 2540 Ut
2471 2499 2608 2556 ergo
2640 2484 2787 2563 dicit

1599 2553 2044 2623 chrysostomus:
2064 2556 2299 2611 «Scriba
2315 2555 2428 2623 hic,
2453 2570 2569 2610 non
2588 2567 2787 2632 animo

1594 2624 1886 2691 credendi,
1914 2627 2010 2680 sed
2040 2626 2516 2680 simulatamente
2537 2627 2788 2679 accessit

1593 2694 1666 2748 ad
1715 2694 2043 2761 Dominum,
2096 2696 2246 2750 unde
2296 2695 2587 2773 inspector
2644 2708 2777 2750 cor-

1593 2765 1751 2820 dium
1792 2772 1848 2820 et
1889 2772 2241 2822 secretorum
2291 2771 2554 2835 cognitor
2604 2764 2790 2828 Deus,

1592 2839 2020 2891 tentantem'se
2067 2837 2275 2903 potiuS‚
2324 2849 2496 2902 quam
2536 2847 2674 2910 vere
2714 2847 2796 2884 ac·

1593 2904 1844 2960 fideliter
1870 2905 2032 2974 sequi
2067 2906 2376 2968 volentem,
2424 2917 2541 2979 non
2583 2913 2790 2956 immor

1592 2977 1703 3032 sito
1742 2975 2032 3030 refutavit.
2076 2992 2105 3025 »
2144 2973 2308 3038 Nam,
2346 2976 2407 3024 ut
2456 2976 2537 3023 ait
2579 2969 2779 3046 Augin-

1592 3049 1777 3099 stinus
1804 3062 1819 3100 :
1872 3063 1902 3096 (ι
1932 3042 2176 3098 Videbat
2206 3055 2338 3095 eum
2374 3039 2572 3098 dolosa
2601 3053 2796 3093 Simu-1

1591 3116 1806 3172 latione
1857 3114 2250 3180 tenebrosum,
2297 3116 2354 3165 ct
2400 3116 2635 3165 ventosa
2670 3107 2788 3163 ela—-

1595 3188 1750 3241 tione
1798 3186 2104 3257 Jactatuin,
2155 3198 2275 3238 non
2324 3183 2542 3237 hahere
2590 3177 2782 3234 locum

1518 3259 1525 3266 '
1594 3257 1950 3323 humilitatiS,
2005 3256 2101 3310 ubi
2152 3254 2445 3308 doctorem
2502 3266 2562 3305 se
2623 3248 2794 3304 incli-

1595 3336 1828 3391 nantem
1858 3327 2143 3397 exciperet
2166 3341 2180 3378 :
2205 3324 2338 3394 quia
2356 3324 2416 3377 in
2438 3321 2782 3390 discipulatu

1594 3400 1803 3456 Christi
1842 3413 1960 3453 non
1998 3396 2149 3451 illius
2177 3396 2445 3467 gratiam,
2481 3395 2581 3449 sed
2616 3405 2784 3450 suam

1591 3473 1836 3543 gloriam
1870 3467 2221 3538 requirebat.
2253 3484 2282 3517 »

1661 3547 1696 3609 4
1723 3545 1802 3596 ΒΕ
1851 3555 2082 3605 Annum,
2124 3552 2218 3598 QUI
2265 3548 2558 3594 ANTEQUAM
2609 3530 2786 3584 Cum-.-

1592 3630 1731 3669 srtm
1789 3626 2090 3678 SEQUATHR,
2154 3622 2367 3661 PATREM
2421 3617 2562 3657 vum:
2628 3611 2789 3677 sueri?

1589 3702 1713 3739 mm:
1749 3701 1761 3751 3
1798 3700 1862 3737 ET
1911 3696 2071 3737 cums
2116 3695 2197 3733 srr
2249 3674 2496 3755 riconis?
2529 3698 2601 3709 --
2631 3669 2790 3726 Dixit

1587 3764 1781 3811 autem
1812 3752 2088 3806 Dominus
2126 3748 2315 3811 alteri,
2358 3755 2522 3810 cujus
2555 3745 2784 3807 patrem

1583 3827 1704 3897 Jam
1741 3826 2032 3877 mortuum
2080 3818 2342 3872 sciebat:
2392 3814 2632 3879 Sequere
2670 3821 2786 3860 me-

1590 3893 1697 3961 Qui
1725 3890 2026 3960 respondit
2054 3909 2067 3942 ε
2101 3886 2351 3951 Domine,
2384 3882 2542 3952 quod
2572 3883 2659 3933 est
2682 3891 2782 3932 re-

1590 3964 1888 4030 verentiae,
1914 3958 2179 4029 permitte
2206 3969 2319 4032 me,
2341 3951 2496 4031 quod
2515 3954 2613 4028 ⁸est.
2646 3946 2793 4027 οὔρῳ.

1592 4035 1846 4101 dientiae,
1903 4026 2052 4099 ,quia
2119 4026 2190 4080 de
2269 4020 2559 4100 discipulis
2604 4033 2808 4084 „suisr-

1592 4106 1810 4161 scilicet
1851 4098 2060 4157 futuris
2095 4096 2329 4164 dicitur,
2382 4097 2489 4177 etsi
2518 4087 2792 4146 nondum·

1594 4180 1740 4243 erat,
1776 4175 2026 4245 primum
2063 4171 2167 4238 ire,
2209 4171 2261 4221 et
2297 4163 2782 4244 sepelvrepatrem

1593 4262 1795 4314 meum,
1834 4241 1990 4315 quod
2029 4245 2116 4297 est
2152 4253 2296 4309 opus
2346 4231 2781 4292 misericordia}-
