3146 5023
1175 419 1256 471 DE
1309 417 1611 473 RASTORE
1665 416 1899 469 ovum.
2677 411 2769 469 299

138 584 149 593 ,
308 498 480 586 caecis
501 524 715 585 Judoeis
735 524 876 583 illud
903 524 966 582 in
994 516 1336 583 vanitatibus
1364 540 1503 583 con-·

250 660 261 671 ,
302 603 625 670 ⁴sumentes,
659 614 787 655 cum
817 597 957 670 ipsis
985 595 1046 653 in
1077 597 1331 659 caecitate
1364 608 1493 667 per·

315 687 671 729 maneamuS.
711 671 869 727 Unde
920 671 1028 725 hoc
1057 669 1181 724 loco
1212 668 1292 724 ait
1325 670 1493 740 Chry-

312 750 582 803 sostomus
622 759 635 798 :
673 764 694 792 ι
734 740 900 811 Dedit
935 738 1037 797 tihi
1084 739 1259 796 vitam
1314 742 1488 811 DeuS,

312 822 376 877 ut
408 831 467 871 se
505 814 767 881 coleres3
807 819 881 894 tu⁶
909 826 1034 868 eam
1089 812 1396 880 incassum,
1437 816 1495 869 et

300 885 597 943 inutiliter
628 899 930 957 consumls,
977 882 1196 950 Quaeris
1234 883 1387 954 quod
1420 885 1494 940 sit

313 950 630 1014 damnum?
675 955 966 1028 siparum
1014 954 1235 1027 argenti
1275 958 1490 1011 temere

280 1026 755 1099 ‚consumpseris,
811 1024 871 1084 id
927 1024 1163 1082 omnino
1216 1025 1489 1082 damnum

309 1100 602 1182 appellas;
632 1097 681 1154 si
715 1101 867 1154 totos
890 1096 1013 1153 dies
1044 1098 1101 1178 in
1124 1096 1340 1178 diaboli
1359 1112 1489 1178 ope-

306 1173 468 1227 ribus
513 1167 962 1240 consumpseris,
1026 1167 1170 1223 mhil
1228 1183 1488 1224 amielsse

184 1286 197 1299 .
305 1240 580 1313 opinaris.
626 1241 781 1311 Opus
833 1243 921 1296 est
974 1236 1036 1294 in
1077 1236 1378 1295 sacrificiis
1429 1242 1486 1294 et

307 1311 661 1370 orationibus
674 1311 852 1367 vitam
869 1324 1098 1371 omnem
1121 1309 1195 1365 im
1243 1310 1451 1365 endere
1468 1327 1482 1378 ;

305 1388 367 1440 tu
391 1385 463 1440 ad
485 1384 787 1449 clamoreS,
812 1382 884 1437 ad
906 1382 1204 1454 perturbat
1229 1397 1393 1449 oneS,
1414 1381 1488 1439 ad

306 1455 572 1512 obscoena
607 1456 804 1522 verba,
850 1455 922 1509 ad
962 1452 1361 1529 contentiones
1400 1451 1486 1508 in-

305 1524 694 1596 tempestivas,
744 1525 818 1581 ad
865 1523 1186 1595 voluptates
1235 1522 1487 1594 magicas

304 1599 481 1653 vitam
519 1601 676 1653 tuam
720 1600 939 1651 temere
983 1595 1293 1664 consumiS,
1332 1600 1387 1651 et
1426 1594 1485 1651 in

305 1673 466 1725 tuum
496 1666 780 1724 convertis
796 1667 1204 1723 detrimentum
1228 1683 1242 1735 3
1275 1670 1483 1723 etcum

305 1740 428 1796 haec
448 1738 822 1808 commiseris,
848 1738 1002 1810 quod
1027 1737 1298 1794 damnum
1322 1752 1481 1793 acce-

302 1811 457 1883 peris
483 1810 823 1881 interrogas,
852 1825 1036 1879 neque
1061 1807 1333 1879 intelligis
1355 1824 1482 1865 om-

305 1883 402 1939 nia
430 1880 618 1954 potius
650 1881 968 1938 amittenda
1007 1895 1181 1950 quam
1213 1884 1435 1951 tempus
1465 1880 1478 1937 l

300 1954 516 2011 Aurum
560 1951 796 2022 amittis,
848 1950 1060 2024 poterit
1102 1951 1267 2007 facile
1304 1967 1482 2009 recu-

198 2030 207 2039 ·
302 2025 494 2153 gerari
514 2042 531 2095 3
570 2025 844 2081 amissum
872 2027 1118 2093 tempuS,
1152 2021 1477 2079 difficulter.

352 2112 483 2153 reve
526 2095 693 2151 nobis
740 2094 799 2150 in
846 2092 1115 2167 praesenti
1164 2092 1281 2149 vita
1322 2109 1481 2165 prae—

304 2171 507 2235 statur,
529 2181 643 2237 quo
664 2165 773 2222 nisi
794 2165 853 2222 in
872 2163 1211 2222 necessariis
1232 2169 1480 2235 utamur,

306 2237 445 2311 quid
476 2237 611 2295 illuc
654 2237 740 2307 ‚mi
783 2242 980 2293 rantes
1018 2235 1331 2293 faciemus?
1361 2238 1480 2305 Dic,

305 2324 520 2381 quaese,
551 2308 596 2365 si
628 2309 716 2365 cui
768 2308 998 2365 iliorum
1028 2314 1259 2364 tuorum
1283 2306 1482 2379 praeci-

342 2396 491 2449 eres,
522 2386 585 2438 ut
613 2381 687 2437 ali
733 2396 866 2437 uam
896 2385 1079 2436 artem
1111 2378 1380 2449 disceret,
1415 2378 1483 2435 il-

327 2468 358 2508 e
391 2456 604 2519 autem,
640 2468 707 2508 ve
759 2451 937 2521 domi,
970 2451 1058 2507 vel
1092 2450 1226 2507 alibi
1257 2455 1482 2524 tempus

302 2523 1238 2594 frustraconsumeret,possetnea
1279 2524 1481 2579 udma-

344 2594 547 2651 ’strum
560 2592 846 2650 excusari?
857 2595 899 2648 N
905 2607 1051 2648 onne
1065 2594 1209 2650 bene
1265 2593 1442 2650 iceret
1464 2610 1478 2649 :

348 2664 709 2738 onvenimus,
747 2671 972 2738 tempus
1009 2663 1279 2722 statuisti.
1330 2663 1387 2721 Si
1416 2664 1482 2722 ti-

1601 523 1659 582 hi
1691 540 1806 582 non
1835 540 1989 582 curae
2016 529 2125 595 est,
2153 530 2221 583 ut
2251 525 2404 598 apud
2436 540 2529 583 me
2556 524 2666 582 arti
2688 522 2770 581 in·

1604 598 1837 653 cumbet
1868 596 2040 666 filius,
2073 597 2358 670 quomodo
2386 596 2772 654 eum'erudie-

1605 684 1733 725 mus
1750 668 1780 724 ‘?
1807 670 1874 724 Et
1901 684 2013 740 qua
2033 668 2221 737 gratia
2249 666 2410 725 nobis
2437 670 2611 725 breve
2627 673 2770 724 tem-

1597 749 1701 811 pus
1738 738 2086 812 praescripsit
2123 740 2319 797 Deus?
2354 739 2397 795 Ο
2438 737 2762 796 stultitiam!

1598 811 1641 867 Ο
1670 809 2079 883 insipientiam,
2101 827 2202 881 pro
2233 826 2344 883 quo
2366 808 2626 867 maximae
2646 826 2770 881 gra·

1560 925 1569 937 .
1595 882 1689 939 tioe
1718 883 2001 940 habendas
2030 888 2183 952 sunt,
2224 882 2375 953 quod
2408 881 2635 938 labores
2659 897 2768 938 no-

1593 952 1683 1011 bis
1716 960 1772 1010 et
1802 954 2040 1011 sudores
2065 950 2292 1023 minuit,
2318 953 2471 1025 quod
2507 950 2768 1024 requiem

1596 1025 1756 1081 nobis
1785 1029 1842 1082 et
1876 1020 2255 1082 aeternitntem
2289 1023 2551 1096 largitur,
2583 1023 2643 1081 id
2671 1038 2767 1081 re-

1633 1095 1922 1165 rehendis,
1958 1100 2016 1153 et
2046 1096 2285 1153 molesto
2324 1096 2440 1152 fers
2469 1094 2692 1152 enimol
2733 1117 2762 1147 »

1637 1183 1717 1223 aec
1740 1169 2159 1237 chrysostomus
2189 1208 2204 1224 .
2243 1166 2404 1223 Unde
2427 1172 2486 1223 et
2508 1169 2710 1225 Seneca
2747 1182 2763 1223 t

1595 1256 1625 1291 α
1657 1237 1892 1295 Etiamsi
1929 1241 2173 1297 multum
2201 1242 2530 1311 superesset
2555 1237 2762 1308 aetatis,

1592 1325 1763 1382 parce
1789 1306 2239 1382 dispensandum
2269 1316 2414 1374 erat,
2441 1314 2506 1365 ut
2536 1308 2763 1364 suffice-

1596 1388 1682 1437 ret
1712 1381 2053 1439 necessariis
2078 1397 2092 1449 3
2125 1398 2277 1439 nunc
2307 1397 2437 1453 quae
2469 1378 2766 1438 dementia

1594 1454 1682 1509 est
1712 1467 2065 1524 supervacua
2095 1453 2316 1510 discere
2347 1453 2406 1509 in
2434 1456 2596 1508 tanta
2621 1457 2764 1507 tem-
2839 1482 2846 1489 -

1593 1522 1747 1593 poris
1781 1524 2076 1594 egestate?
2105 1527 2183 1581 Eo
2240 1523 2423 1596 magis
2453 1523 2643 1595 itaque
2671 1523 2770 1578 in—

1592 1593 1796 1663 dignor
1816 1595 2058 1666 aliquos,
2080 1612 2148 1652 ex
2176 1597 2283 1651 hoc
2310 1600 2590 1665 tempore,
2613 1594 2766 1665 quod

1591 1666 1854 1722 sufficere
1875 1683 1945 1723 ne
1962 1668 2033 1723 ad
2053 1666 2374 1724 necessaria
2395 1665 2621 1749 quidem
2645 1669 2767 1747 pot-

1589 1742 1697 1805 est,
1722 1737 1946 1794 etiamsi
1963 1738 2307 1795 custoditum
2331 1736 2766 1809 diligentissime

1589 1808 1783 1878 fuerit,
1823 1808 1886 1865 in
1924 1809 2155 1882 negotia
2193 1825 2546 1883 supervacua
2583 1810 2761 1881 majo·

1588 1894 1710 1936 rem
1738 1885 1960 1952 partem
1994 1897 2249 1951 erogare.
2281 1883 2405 1938 Non
2446 1885 2564 1936 tem
2602 1879 2763 1938 beni-

1588 1967 1765 2022 gnum
1800 1968 1866 2009 ac
1904 1951 2138 2010 liberale
2164 1957 2387 2025 tempus
2418 1956 2626 2009 natura
2653 1967 2765 2008 no·

1587 2022 1677 2080 bis
1705 2024 1884 2094 dedit,
1917 2029 1978 2080 ut
2008 2022 2223 2096 aliquid
2248 2040 2317 2081 ex
2345 2039 2412 2081 eo
2444 2029 2608 2080 vacet
2635 2039 2757 2093 per-

1588 2094 1744 2150 dere.
1780 2096 1847 2150 Et
1871 2094 1999 2152 vide
2029 2111 2199 2167 quam
2228 2095 2408 2152 multa
2442 2094 2767 2153 etiamdili·

1587 2164 1935 2236 gentissimis
1977 2170 2233 2238 pereant.
2273 2166 2440 2223 Aliud
2495 2165 2764 2225 valetudo

1588 2253 1694 2293 sua
1723 2235 1930 2309 cuique
1960 2236 2214 2305 abstulit,
2242 2236 2395 2293 eliud
2417 2252 2648 2293 suorum
2672 2252 2764 2291 va-

1586 2308 1801 2377 letudo;
1822 2309 1975 2366 aliud
1993 2307 2315 2365 necessaria
2334 2308 2580 2379 negotia,
2611 2306 2764 2364 aliud

1584 2376 1813 2452 publica
1825 2379 2455 2453 occupaverunt.Vitam
2469 2379 2766 2437 nobiscum

1587 2450 1786 2508 dividit
1816 2468 2073 2510 somnus.
2108 2454 2184 2509 Ex
2216 2453 2322 2508 hoc
2359 2455 2618 2524 tempore
2647 2455 2765 2507 tam

1586 2529 1832 2606 angusto
1880 2531 1938 2583 et
1981 2524 2182 2607 rapido
2215 2529 2272 2581 et
2303 2540 2410 2581 nos
2443 2524 2764 2591 auferente,

1588 2595 1725 2665 quid
1749 2596 1915 2665 Juvat
1945 2608 2224 2667 maJorem
2260 2600 2485 2666 partem
2539 2594 2769 2656 mittere

1587 2664 1649 2721 in
1674 2681 1886 2724 vanum
1905 2669 1932 2724 ‘t
1958 2687 1987 2718 »
2018 2666 2143 2723 haec
2172 2669 2398 2724 Seneca.

1414 2881 1673 2939 ORATIO

377 3021 618 3080 Domine
660 3023 795 3079 Jesu
845 3023 1085 3090 Christe,
1128 3021 1228 3095 qui
1266 3023 1601 3080 illuminasti
1649 3025 1845 3082 oculos
1889 3023 2022 3081 caeci
2070 3023 2209 3088 nati,
2239 3021 2517 3093 illumina,
2542 3035 2760 3094 quaeso,

304 3094 502 3154 oculos
531 3093 716 3150 cordis
742 3093 874 3164 mei,
896 3105 967 3151 ne
995 3095 1054 3151 in
1082 3095 1335 3170 tenebris
1364 3095 1673 3166 offendam,
1692 3098 1780 3152 vel
1803 3111 2073 3166 umquam
2096 3095 2155 3152 in
2175 3098 2358 3151 morte
2380 3093 2757 3152 obdormiam.

307 3167 457 3222 Deus
500 3164 631 3221 vitae
674 3180 837 3234 meae,
870 3182 1039 3237 quam
1077 3183 1220 3223 vane
1260 3171 1597 3238 consumpta
1643 3173 1797 3236 sunt,
1828 3183 1999 3239 quam
2043 3167 2390 3223 infructuose
2428 3167 2588 3238 lapsa
2625 3170 2758 3222 sunt

306 3307 411 3365 feci
480 3310 625 3377 Quot
663 3308 821 3379 anni,
857 3314 994 3381 quot
1030 3323 1277 3378 menses,

306 3241 566 3365 tempora
596 3253 743 3306 mea,
779 3252 906 3308 quae
942 3237 1147 3295 dedisti
1187 3236 1346 3306 mihi,
1381 3243 1446 3294 ut
1479 3239 1724 3295 facerem
1752 3239 2106 3296 voluntatem
2128 3243 2282 3294 tuam
2319 3237 2381 3293 in
2412 3237 2516 3307 eis,
2549 3241 2605 3294 et
2646 3252 2765 3294 non

390 3379 401 3391 ·
571 3380 582 3392 υ
941 3380 952 3391 ·
997 3381 1008 3392 ⁸
1311 3314 1451 3437 (iuo't
1490 3309 1634 3378 dies,
1664 3314 1804 3380 quot
1848 3311 2007 3366 horae
2055 3309 2346 3392 perierunt
2372 3311 2523 3381 apud
2551 3325 2664 3377 me,
2698 3309 2760 3392 {¹¹

307 3381 512 3451 quibus
539 3397 662 3438 sine
691 3380 876 3438 fructu
903 3397 1013 3437 vm
1042 3397 1234 3438 coram
1262 3387 1318 3437 te
1379 3382 1521 3449 F1at,
1548 3382 1793 3438 amande
1824 3383 2013 3452 Pater,
2035 3385 2143 3439 hoc
2172 3382 2460 3439 residuum
2484 3385 2761 3465 temporis

307 3452 419 3508 mei
446 3452 802 3509 fructuosum
835 3458 893 3509 et
934 3453 1352 3509 sanctificatum
1381 3451 1440 3508 in
1463 3451 1649 3523 gratia
1678 3457 1798 3524 tua,
1824 3457 1891 3510 ut
1918 3452 1976 3510 in
2007 3453 2210 3512 diebus
2238 3453 2576 3512 aeternitatis
2604 3468 2762 3510 mve-

308 3521 428 3579 niet
454 3521 665 3597 locum,
698 3529 755 3582 et
783 3525 1164 3598 computabile
1195 3524 1269 3582 sit
1294 3528 1428 3581 ente
1455 3528 1533 3582 te.
1559 3525 1763 3581 Amen.
2783 3527 2794 3536 ”

1182 3744 1460 3817 CAPUT
1512 3740 1852 3818 LXXXVI

1087 3925 1178 3976 DE
1231 3928 1621 3979 PAs'ronss
1685 3927 1986 3979 ovlum.

1288 4065 1527 4125 Joannis
1556 4081 1682 4140 cap.
1721 4067 1789 4125 X.

384 4255 404 4291 1
441 4235 755 4292 Smmrtmo
820 4251 996 4293 ovinis
1048 4253 1113 4294 m·
1165 4252 1289 4297 :ms
1343 4255 1485 4296 osni

310 4307 549 4364 Cmsro
579 4323 894 4367 structu.
920 4338 988 4350 -
1016 4311 1245 4381 Et.quia
1275 4311 1409 4368 coeci
1437 4317 1493 4369 et

300 4378 581 4444 increduli
622 4380 900 4440 Pharisaei
929 4385 987 4439 et
1013 4381 1198 4440 Judaei
1234 4397 1355 4441 non
1392 4398 1484 4442 ec-

1591 4238 1861 4297 cedentes
1893 4239 1967 4296 ed
1993 4227 2180 4297 lucem
2207 4236 2518 4308 Christum,
2546 4236 2645 4310 qui
2673 4245 2762 4297 est

1589 4315 1704 4440 viai
1736 4313 1943 4368 veritas
1985 4316 2038 4369 et
2073 4314 2213 4382 vita,
2247 4325 2352 4368 nec
2383 4310 2662 4368 intrantes
2700 4309 2763 4369 in

1591 4400 1682 4441 ovi
1707 4399 1740 4441 e
1770 4381 1984 4456 ovium,
2013 4388 2077 4442 ut
2107 4399 2244 4443 oves
2276 4381 2502 4443 Domini
2532 4383 2762 4454 flerent,
