3146 5023
425 405 519 456 ‘272
1148 401 1368 453 Pntuffl
1425 401 1668 453 PAstrts
1723 400 1932 454 CAPUT
1988 403 2215 455 Lxxxl

434 510 601 575 hujus
626 507 822 565 mundi
848 504 1287 564 adversitatibus
1315 506 1502 574 fracti,
1534 507 1608 563 ad

436 580 536 638 Dei
584 595 836 636 amorem
877 579 1134 634 redeunt.
1165 578 1316 635 Felix
1361 577 1608 635 necessi-

433 657 540 713 tas,
575 668 701 723 quae
730 650 803 707 ad
834 649 1071 705 meliora
1101 650 1417 717 compellit!
1447 648 1609 705 Multi

432 723 584 780 enim
615 721 710 793 qni
740 721 795 776 in
823 719 1128 777 securitate
1149 725 1205 777 et
1275 721 1613 793 rosperitate

434 794 604 851 modo
634 791 846 859 vivunt,
885 791 1135 848 instante
1173 809 1208 847 a
1253 792 1517 849 versitate
1555 798 1612 849 et

432 863 704 937 periculo,
737 862 809 918 ad
847 864 1025 918 Deum
1062 862 1285 932 fugiunt
1341 865 1500 921 Unde
1529 864 1614 920 ait

435 937 876 1003 chrysostomus:
902 957 931 985 «
959 935 1133 990 Multo
1164 933 1503 991 laboriosius
1527 939 1612 992 est

433 1004 494 1062 in
524 1006 827 1061 securitate
848 1022 1029 1062 concu
1074 1004 1340 1062 iscentias
1360 1005 1609 1075 vincere,

434 1092 609 1148 quam
640 1075 699 1132 in
740 1077 992 1147 periculo
1060 1076 1245 1133 ivitias
1269 1094 1438 1149 posse
1470 1094 1611 1133 con-

431 1153 711 1205 temnere.
784 1151 907 1219 lpse
958 1148 1109 1205 enim
1161 1147 1332 1205 timor
1374 1147 1611 1221 periculi

437 1221 670 1290 adjuvat
716 1219 995 1287 animum,
1036 1226 1093 1275 et
1152 1218 1317 1277 facile
1366 1220 1615 1276 vincitur

431 1289 731 1348 delectatio
756 1289 1086 1362 corporalis.
1110 1291 1258 1357 Quot
1282 1289 1434 1347 enim
1456 1296 1613 1359 sunt,

436 1362 532 1434 qui
589 1363 647 1418 in
684 1363 990 1419 securitate
1035 1378 1149 1419 non
1200 1361 1429 1419 suerunt
1476 1380 1612 1419 con·

434 1432 574 1490 tenti
602 1450 880 1505 pauperes
910 1450 1034 1490 esse
1058 1452 1073 1503 ;
1108 1438 1165 1488 et
1194 1438 1386 1490 tamen
1415 1433 1613 1491 viden-

436 1509 522 1560 tes
544 1504 1021 1575 persecutionem,
1043 1504 1226 1576 magis
1250 1505 1499 1562 contenti
1528 1506 1613 1562 su-

437 1581 606 1632 erunt
631 1578 782 1634 bona
811 1594 913 1633 sua
942 1576 1249 1646 dimittere,
1282 1593 1453 1647 quam
1486 1593 1614 1647 per-

433 1645 550 1704 irel
574 1648 706 1704 Illos
723 1649 867 1705 tales
889 1651 1073 1704 sciens
1096 1649 1263 1712 Deus,
1284 1649 1615 1718 frequenter

433 1718 691 1790 praecidit
730 1718 957 1775 divitias
995 1734 1214 1785 eorum,
1245 1723 1307 1773 ut
1337 1735 1372 1773 a
1402 1718 1612 1774 sollici-

436 1789 727 1845 tudinibus
758 1790 928 1858 hujus
958 1788 1153 1844 mundi
1183 1787 1419 1844 relevati
1449 1805 1612 1847 secu-

435 1858 553 1917 rius
597 1865 654 1915 et
700 1858 903 1915 melius
951 1865 1325 1931 permaneant
1364 1862 1479 1917 Deo
1522 1880 1536 1917 ε
1582 1882 1611 1915 »

433 1930 556 1984 haec
584 1931 1013 1997 chrysostomus.
1044 1931 1240 2001 Liquet
1267 1947 1423 2002 ergo,
1445 1936 1509 1988 ut
1532 1932 1615 1989 ait

439 2000 753 2067 (iream-ius,
788 2000 940 2071 quod
969 2000 1065 2056 alii
1096 2007 1391 2072 vocantur,
1426 2010 1483 2058 et
1515 2021 1613 2060 ve-

437 2070 560 2128 nire
607 2076 997 2140 contemnunt,
1026 2080 1088 2129 ut
1130 2073 1227 2143 qui
1274 2076 1486 2130 donum
1525 2074 1612 2131 in·

439 2143 701 2200 tellectus
745 2143 1053 2215 accipiunt,
1085 2147 1186 2201 sed
1233 2148 1496 2202 eumdem
1524 2146 1613 2202 in-

436 2215 725 2272 tellectum
772 2215 1041 2288 operibus
1092 2233 1209 2272 non
1246 2222 1563 2288 sequuntur
1597 2240 1610 2286 ;

434 2286 530 2341 alii
562 2293 835 2343 vocantur
860 2294 916 2342 et
944 2288 1197 2355 veniunt,
1230 2292 1296 2342 ut
1328 2288 1424 2357 qui
1450 2304 1613 2345 acce-

438 2359 591 2426 ptam
606 2356 922 2411 intellectus
934 2360 1175 2425 gratiam
1189 2360 1476 2428 operando
1490 2374 1615 2429 per·

439 2426 669 2492 ficiunt;
706 2424 802 2479 alii
841 2441 976 2480 vero
1014 2426 1229 2482 intrare
1270 2428 1614 2497 compellun-

435 2500 546 2564 tur,
570 2503 633 2551 ut
657 2510 800 2567 quos
821 2495 1070 2554 Ecclesia
1099 2497 1490 2569 temporaliter
1514 2519 1615 2574 pu-

442 2568 522 2623 nit
532 2567 595 2636 ,si
604 2584 632 2622 c
645 2583 739 2624 eos
752 2566 822 2624 ad
839 2566 1290 2640 resipiscentiam
1304 2570 1609 2630 adducens,

508 2643 541 2706 4
583 2640 991 2696 PRAEDESTINATI
1036 2659 1249 2698 TANTUM
1304 2661 1374 2698 An
1423 2662 1613 2701 cOENAn

437 2728 721 2767 comesi-En
751 2730 1121 2770 memmi-:mrum
1157 2745 1221 2754 —
1252 2716 1313 2769 ln
1346 2715 1464 2771 fine
1512 2734 1612 2772 au-

440 2788 553 2837 tem
573 2783 1288 2857 concludendO,subjungit
1302 2786 1609 2844 Dominus:

440 2856 573 2910 Dico
612 2860 793 2910 autem
836 2856 1010 2920 vobis,
1043 2857 1202 2927 cuius
1246 2858 1615 2915 dicereint'al·

441 2925 597 2982 libile
618 2934 724 2995 est,
762 2928 909 2998 quod
926 2939 1079 2984 nemo
1097 2932 1345 2984 vivorum
1369 2931 1612 3001 illorum,

437 2999 538 3068 qui
573 3002 756 3056 vocati
791 3004 921 3056 sunt
982 3007 1039 3056 et
1069 2999 1165 3071 qui
1194 3016 1253 3055 se
1279 3006 1616 3059 excusantes

436 3067 633 3127 venire
650 3072 979 3142 noluerunt,
1001 3072 1249 3141 qustabit
1271 3088 1474 3128 coenam
1495 3089 1612 3129 me-

1717 524 1828 575 am,
1870 509 1984 564 imo
2014 524 2118 563 nec
2145 504 2360 564 videbit
2390 524 2406 576 ;
2439 509 2545 564 sed
2578 510 2811 573 Sancti
2845 530 2951 585 gu-

1718 583 1890 647 stant,
1918 585 1986 635 et.
2001 579 2197 635 vident
2219 578 2391 634 etiam
2411 579 2469 635 in
2499 584 2837 651 praesenti,
2857 601 2949 640 se-

1719 650 1966 706 cundum
1980 649 2116 706 illud
2136 650 2342 705 Psalmi
2361 668 2374 706 z
2391 651 2628 708 Gustate
2645 655 2944 723 avidae,

1719 725 1978 791 quoniam
2000 724 2190 777 suavis
2211 726 2292 783 est
2309 718 2593 780 Dominus.
2611 725 2774 796 Impl
2783 727 2944 782 enda

1722 798 1809 849 est
1845 792 2000 848 enim
2039 793 2246 849 domus
2275 784 2377 849 Dei
2406 810 2654 855 numero
2689 798 2943 866 praede·

1722 864 2095 933 stinatorum;
2138 865 2238 919 sed
2275 864 2508 936 superbi
2547 872 2937 938 peccatoreS,

1721 934 1819 1006 qui
1856 934 2040 992 vocati
2080 934 2276 991 venire
2320 936 2656 1005 noluerunt,
2691 937 2936 1007 seipsos

1722 1006 2244 1078 irrecuperabiliter
2286 1013 2726 1065 excusaverunt.
2791 1012 2933 1067 Haec

1722 1077 2002 1133 sententia
2030 1077 2276 1143 Domini,
2303 1085 2368 1136 ut
2394 1080 2476 1134 ait
2505 1077 2668 1135 idem
2704 1080 2927 1150 Greqo-

1720 1148 2038 1218 rius,valde
2054 1149 2308 1205 timenda
2322 1153 2426 1205 est.
2449 1152 2628 1205 Nemo
2652 1167 2804 1222 ergo
2826 1170 2924 1208 ve-

1721 1218 1847 1276 nire
1861 1224 2206 1277 contemnat.
2231 1236 2303 1277 ne
2327 1221 2462 1276 dum
2482 1225 2721 1279 vocatus
2741 1239 2920 1279 excu-

1722 1297 1832 1359 sat,
1861 1308 1988 1348 cum
2014 1289 2261 1349 voluerit
2292 1290 2507 1347 intrare
2542 1308 2663 1348 non
2697 1295 2915 1350 valeat.

1722 1364 1791 1417 Et
1810 1369 1985 1431 certe,
2012 1361 2109 1435 qui
2130 1378 2243 1418 non
2263 1362 2580 1431 intraverit,
2604 1364 2918 1422 famelicus

1723 1438 1778 1488 et
1805 1434 1987 1489 inanis
2016 1451 2050 1490 a
2077 1432 2386 1491 refectione
2424 1432 2631 1491 divinae
2678 1436 2917 1492 fruitio-

1722 1504 1895 1561 niset
1924 1504 2158 1561 visionis
2188 1504 2524 1563 remanebit.
2554 1508 2701 1562 Ecce
2732 1523 2915 1577 quam

1721 1577 2106 1647 periculosum
2145 1582 2237 1633 est
2270 1581 2642 1633 contemnere
2699 1579 2912 1634 invita-

1722 1647 1938 1703 tionem
1991 1650 2128 1705 Jesu
2171 1647 2408 1704 Christi!
2446 1649 2612 1704 Tales
2659 1648 2827 1706 enim
2881 1667 2915 1706 a

1722 1718 2032 1775 refectione
2068 1721 2191 1788 eJus
2228 1718 2288 1774 in
2324 1718 2590 1790 praesenti
2628 1736 2740 1790 per
2770 1737 2912 1792 gra-

1724 1791 1880 1856 tiam,
1909 1795 1967 1846 et
2002 1793 2057 1845 in
2105 1791 2292 1846 futuro
2338 1805 2443 1861 per
2484 1790 2734 1860 gloriam
2785 1808 2910 1849 me-

1721 1866 1924 1917 rentur
1952 1860 2195 1917 excludi.
2225 1862 2358 1917 Haec
2391 1863 2564 1933 igitur
2595 1862 2823 1937 omnia,
2856 1868 2913 1919 et

1723 1932 1795 1988 ad
1824 1949 1955 2004 quae
1983 1933 2167 1989 vocati
2195 1947 2416 2001 sumus,
2440 1932 2756 2002 diligenter
2778 1950 2911 1990 con·

1723 2002 2070 2071 sideremus;
2098 2007 2156 2059 et
2176 2003 2480 2075 praesentia
2502 2003 2906 2076 despicientes,

1711 2076 1792 2129 ad
1835 2076 2027 2131 futura
2057 2091 2162 2132 nos
2190 2090 2596 2147 praeparemus.
2633 2076 2799 2132 Unde
2826 2077 2908 2132 ait

1723 2148 2140 2216 chrysostomus
2162 2165 2179 2200 .·
2199 2167 2229 2197 «
2255 2148 2702 2202 permaneamus
2730 2148 2908 2218 igitur

1723 2217 2109 2273 custodientes
2134 2232 2286 2286 eam,
2317 2215 2678 2288 quam-initio
2708 2233 2904 2275 susce-

1720 2288 1909 2360 pimus
1945 2287 2309 2358 dignitatem,
2337 2295 2393 2344 et
2423 2289 2612 2344 sutura
2644 2289 2904 2359 quotidie

1720 2376 1899 2430 regna
1927 2375 2275 2428 quaeramus,
2306 2358 2610 2430 omniaque
2641 2375 2902 2430 praesen-

1719 2432 1821 2497 tia,
1862 2431 2097 2485 umbras
2140 2446 2265 2487 esse
2312 2446 2546 2502 prorsus
2579 2447 2646 2486 ac
2676 2433 2907 2488 somnia

1715 2501 2055 2574 judicemus.
2081 2503 2273 2573 Neque
2300 2501 2475 2571 enim,
2500 2500 2549 2558 si
2577 2503 2695 2559 Rex
2726 2507 2906 2561 terre-

1722 2590 1829 2630 nus
1872 2573 2102 2700 aliquis,
2134 2590 2429 2629 assumens
2482 2579 2536 2629 te
2588 2590 2907 2646 pauperem

1721 2661 1786 2701 ac
1819 2661 1947 2702 men
1994 2645 2166 2712 icum,
2191 2651 2430 2717 repente
2462 2644 2570 2701 sibi
2598 2647 2908 2715 adoptaret

1721 2715 1781 2772 in
1810 2718 2013 2782 filium,
2034 2724 2092 2770 tu
2118 2716 2237 2786 =iam
2268 2718 2339 2770 ad
2371 2715 2586 2787 tugurii
2612 2716 2698 2771 tui
2732 2717 2905 2787 respi-

1722 2804 1882 2844 ceres
1904 2787 2457 2843 vilitatem.1tanunc
2473 2786 2675 2858 igitur,
2697 2803 2733 2842 a
2753 2790 2907 2859 Rege

1722 2858 1933 2915 coelesti
1980 2859 2305 2930 adoptatuS,
2348 2857 2488 2914 nihil
2534 2859 2905 2928 praesentium

1723 2938 1886 3001 putes
1924 2946 2043 2986 esse
2080 2929 2413 3001 pretiosum.
2457 2931 2648 3000 Longe
2694 2928 2905 3002 quippe

1723 3003 1942 3074 majora
1967 3010 2097 3058 sunt
2122 3001 2194 3057 ad
2211 3016 2337 3072 quae
2365 3005 2596 3057 vocatus
2621 3016 2684 3057 es
2707 3017 2904 3073 capes-

1721 3074 1942 3129 senda:
1977 3091 2007 3126 »
2039 3073 2162 3129 haec
2198 3074 2635 3145 chrysostomus.

1531 3258 1789 3315 ORATIO

510 3412 751 3496 Domine
778 3416 910 3498 Jesu
947 3417 1190 3501 Cbrjste,
1222 3421 1321 3492 qui
1348 3436 1545 3478 omnes
1583 3424 1842 3481 homines
1871 3424 2069 3481 volens
2114 3424 2299 3482 salvos
2350 3423 2497 3493 fieri,
2527 3425 2898 3484 refectionem

440 3484 684 3567 coelestis
729 3487 1100 3570 beatitud1ms
1146 3492 1407 3549 omnibus
1440 3495 1797 3566 praeparasti,
1827 3499 1885 3552 et
1933 3496 2143 3553 multos
2180 3496 2254 3552 ad
2304 3512 2428 3553 eam
2474 3495 2668 3553 multis
2713 3497 2900 3554 modis

442 3561 793 3642 vocast1;·ne
839 3575 1276 3642 meumiserum,
1308 3563 1573 3644 excludas
1618 3568 1691 3624 ab
1743 3568 1842 3623 illa
1883 3565 2069 3638 gratia
2110 3567 2385 3638 generali,
2430 3584 2600 3639 quam
2633 3569 2898 3625 omnibus

438 3638 646 3712 vetusti
696 3636 999 3714 impartiriz
1025 3636 1081 3714 et
1123 3632 1197 3688 da
1250 3633 1388 3689 mihi
1443 3636 1664 3695 calcare
1717 3654 1947 3694 omnem
1997 3638 2325 3711 superbiam
2382 3646 2439 3695 et
2494 3638 2894 3707 ambitionem,

441 3710 739 3784 aqam-tiam
777 3712 834 3759 et
876 3705 1265 3775 cupiditatem,
1293 3707 1813 3779 concupiscentiam
1849 3712 2035 3766 carnis
2064 3716 2121 3767 et
2149 3711 2519 3781 voluptatem,
2549 3726 2622 3767 ne
2655 3711 2779 3766 haec
2809 3711 2896 3767 vel

439 3773 553 3855 alla
585 3774 954 3857 1mpedientia
983 3774 1121 3832 mihi
1153 3781 1428 3835 aeternum
1459 3779 1842 3838 intercludant
1866 3781 2214 3850 convivium;
2247 3782 2367 3849 sed,
2399 3781 2494 3864 qui
2526 3797 2650 3840 sum
2679 3796 2898 3853 pauper

440 3861 498 3926 ¹!¹
530 3850 713 3917 gratia
742 3857 797 3903 et
831 3849 1056 3919 virtute,
1091 3853 1149 3904 et
1188 3849 1391 3907 debitis
1418 3850 1477 3907 in
1509 3852 1661 3909 bona
1693 3853 2046 3925 operatione,
2076 3870 2142 3910 ac
2189 3869 2371 3909 caeeus
2417 3869 2477 3908 ln
2517 3868 2654 3909 vera
2697 3852 2893 3922 cogni-

438 3922 614 3986 tlone,
639 3924 695 3975 et
723 3920 957 3978 claudus
985 3919 1049 3978 in
1073 3926 1231 3979 recta
1260 3922 1583 3993 affectione,
1603 3941 1692 3981 me
1722 3924 2169 3982 misericorditer
2194 3923 2520 3982 introducat
2541 3923 2602 3980 in
2623 3922 2892 3994 idipsum.

435 3990 635 4045 Amen.
