3146 5023
464 337 553 387 33⁴}
1229 332 1446 386 i‘lilMii:
1500 334 1735 388 rimis
1792 334 1994 391 cirin
2057 330 2194 384 xm*

464 434 580 493 vita
617 432 897 507 spirituali
949 434 1226 504 prolicere
1276 433 1537 499 velimus,
1576 435 1640 490 ut

467 505 720 564 dicamus
736 519 863 561 cum
887 504 1213 561 Psalmista:
1242 507 1481 561 Veniant
1500 507 1641 560 milti

465 579 844 634 miserationes
870 581 997 639 tuae,
1024 583 1076 631 et
1094 578 1300 632 vivam.
1320 606 1390 616 —
1413 575 1641 633 Primus

467 648 655 722 panis,
680 647 768 703 vel
789 644 975 719 prima
1001 644 1411 707 misericordia.
1432 662 1640 703 secun-

466 721 604 778 dum
654 718 1020 781 Ber-nardum,
1062 721 1149 772 est
1195 719 1566 788 praeservatio
1608 734 1644 774 a

467 790 660 849 multis
695 786 957 868 peccatiS,
993 786 1055 842 in
1082 803 1209 868 quae
1247 785 1557 856 incidisset,
1594 788 1642 845 si

466 878 596 919 eum
634 859 733 918 Dei
765 873 1158 914 misericoriiia
1192 874 1305 915 non
1348 859 1643 915 custodis-

464 940 571 990 set.
600 930 779 1001 Hujus
811 928 996 1000 paniS,
1028 929 1344 986 secundum
1372 931 1641 987 eumdem

464 1003 829 1065 Ber-nardum,
885 1000 998 1057 tria
1047 1005 1183 1058 sunt
1243 1000 1565 1065 fragmenta
1626 1019 1641 1058 ε

471 1097 502 1127 «
522 1072 746 1142 Tribus,
768 1072 869 1141 ait,
892 1071 1078 1129 modis
1098 1088 1132 1128 a
1154 1071 1396 1143 peccatis
1417 1089 1507 1129 me
1531 1089 1647 1129 me-

466 1144 612 1205 mini
641 1147 818 1202 fuisse
856 1149 1252 1201 conservatum
1284 1160 1299 1199 :
1333 1144 1648 1200 occasionis

470 1216 884 1284 subtractione,
921 1214 1221 1272 resistendi
1254 1217 1389 1271 data
1418 1218 1648 1285 virtute,

470 1294 528 1347 et
550 1286 871 1346 affectionis
901 1286 1169 1343 sanitate.
1205 1305 1234 1339 i>
1267 1290 1650 1344 —Secunilus

471 1361 639 1436 panis
686 1365 771 1416 est
802 1356 897 1430 pia
938 1358 1040 1415 Dei
1087 1356 1463 1414 dissimulatio
1501 1357 1653 1414 circa

472 1436 826 1507 peccantem,
850 1431 983 1501 quia
1004 1429 1269 1487 tardabat
1291 1428 1562 1487 ultionem
1595 1434 1653 1486 et

475 1501 891 1575 indulgentiam
920 1503 1229 1573 cogitabat.
1260 1503 1443 1557 Habet
1469 1506 1526 1558 et
1559 1502 1655 1558 hic

477 1577 639 1647 panis
661 1574 773 1630 tria
805 1575 1146 1646 fragmenta,
1179 1570 1444 1629 videlicet
1475 1588 1491 1627 ε
1524 1572 1651 1630 lon-

476 1644 890 1719 ganimitatem,
918 1659 1091 1716 quam
1112 1641 1393 1715 exhibuit,
1422 1642 1654 1700 electio·

478 1734 611 1776 nem
649 1713 1184 1789 praedestinationis,
1225 1729 1395 1784 quam
1432 1712 1658 1786 impleri

479 1789 685 1856 voluit3
718 1793 775 1844 et
804 1785 1099 1842 caritatem
1136 1785 1393 1854 nimiam,
1435 1800 1551 1855 qua
1578 1784 1659 1842 di·

481 1860 614 1916 lexit
640 1875 768 1914 noS.
798 1886 866 1897 -
900 1854 1121 1913 Tertius
1168 1855 1331 1927 panis
1360 1863 1447 1913 est
1475 1855 1659 1913 mise-

483 1929 649 1998 ratio,
684 1944 798 2000 qua
824 1926 1108 1983 convertit
1138 1928 1211 1983 ad
1241 1926 1657 1999 poenitentiam.

485 2001 586 2058 Hic
596 1999 767 2056 etiam
787 1997 953 2072 panis
974 2000 1149 2055 babet
1170 1998 1281 2055 tria
1299 2000 1622 2070 fragmenta
1642 2016 1657 2067 ς

484 2072 618 2146 quia
659 2086 759 2128 cor
795 2068 1065 2135 concutit,
1105 2071 1358 2128 excitans
1404 2072 1542 2127 illud
1597 2075 1661 2126 ut

483 2148 744 2202 advertat
756 2157 990 2200 suorum
1009 2142 1252 2200 vulnera
1271 2148 1658 2214 peccatorum,

484 2222 542 2273 et
576 2219 873 2273 vulnerum
902 2213 1158 2270 dolorem
1189 2214 1398 2270 sentiat
1422 2232 1436 2283 ;
1462 2219 1659 2281 terret,

485 2287 775 2344 deducens
796 2293 867 2342 aii
896 2291 1091 2356 portas
1121 2284 1310 2350 inseri,
1352 2293 1408 2341 et
1439 2299 1659 2356 praepa-

486 2366 611 2414 rata
644 2355 858 2425 iniquis
896 2354 1171 2426 supplicia
1205 2362 1566 2423 monstrans;
1604 2359 1658 2411 et

487 2441 647 2500 spem
696 2427 796 2481 dat
842 2423 1251 2495 inteliigentiae.
1305 2456 1373 2466 —
1420 2427 1661 2493 Quartus

489 2497 653 2571 panis
710 2500 793 2553 est
850 2493 1201 2567 indulgentia
1251 2502 1616 2578 peccatorum
1643 2539 1659 2567 ,

489 2570 643 2643 quod
670 2566 933 2624 videlicet
957 2570 1104 2623 Deus
1125 2574 1498 2639 poenitentem
1529 2584 1661 2625 eum

487 2639 934 2699 misericorditer
964 2645 1235 2709 suscepit.
1275 2642 1343 2697 Et
1373 2641 1467 2697 hic
1497 2640 1662 2713 panis

492 2713 665 2769 habet
691 2712 802 2769 tria
850 2713 1192 2783 fragmenta,
1222 2727 1378 2783 quia,
1411 2719 1473 2769 ut
1524 2711 1666 2769 dicit

490 2784 804 2842 Bernardus
836 2798 851 2837 ε
877 2802 907 2833 «
938 2781 1028 2838 Sic
1057 2798 1124 2838 ex
1139 2787 1258 2839 toto
1290 2784 1443 2839 Deus
1474 2783 1660 2839 indul-

490 2855 583 2920 sit,
602 2859 659 2911 et
687 2862 801 2910 tam
829 2852 1142 2910 liberaliter
1166 2870 1396 2911 omnem
1422 2853 1661 2910 donavit

492 2924 762 3000 injuriam
794 2942 808 2981 ε
846 2930 908 2980 ut
940 2924 1062 2996 ,iam
1097 2941 1204 2981 nec
1240 2926 1475 2982 damnet
1519 2924 1657 2983 ulci-

493 2997 723 3070 scendo,
764 2996 916 3069 quod
949 3001 1036 3052 est
1065 2995 1348 3068 primum3
1384 3013 1489 3054 nec
1518 3012 1667 3053 con-

495 3070 700 3128 fundat
748 3068 1211 3140 improperando,
1253 3069 1404 3140 quod
1442 3073 1528 3125 est
1565 3084 1667 3124 se-

492 3141 743 3198 cuudum
760 3157 777 3210 ;
800 3155 906 3197 nec
923 3139 1111 3195 minus
1130 3141 1487 3211 imputando,
1510 3141 1666 3211 quod

493 3219 582 3268 est
608 3210 860 3268 tertium.
897 3230 927 3265 i)
973 3240 1045 3251 ——
1094 3212 1335 3278 Quintus
1362 3212 1529 3282 panis
1580 3214 1668 3267 est

492 3280 846 3352 continentia
899 3296 934 3337 a
987 3283 1297 3354 peccando,
1337 3299 1440 3338 scu
1488 3281 1667 3337 virtus

495 3354 823 3432 continendi
851 3357 909 3407 et
937 3352 1292 3410 emendatius
1315 3352 1563 3424 vivendi,
1596 3368 1667 3409 ne

493 3423 807 3480 recidivum
853 3428 1169 3495 pateretur.·
1227 3426 1296 3479 Et
1355 3423 1446 3480 bic
1498 3423 1665 3495 panis

495 3493 669 3553 etiam
719 3493 893 3550 habet
950 3496 1063 3548 tria
1125 3493 1478 3567 fragmenta3
1533 3510 1668 3552 nam

495 3568 620 3625 haec
646 3562 997 3622 continentia
1024 3565 1198 3621 habet
1224 3572 1338 3622 tres
1369 3581 1666 3639 oppugna-

494 3644 671 3709 toreS,
712 3636 969 3694 scilicet:
1009 3651 1261 3705 carnem,
1293 3643 1569 3694 mundum
1612 3643 1669 3695 et

495 3709 806 3782 malignum
836 3705 1118 3780 spiritum,
1156 3708 1366 3781 quibus
1395 3714 1665 3769 resistere

492 3788 692 3840 nostra
724 3780 926 3861 virtute
959 3796 1075 3836 non
1106 3783 1395 3850 valemus;
1427 3781 1531 3837 sed
1568 3798 1666 3854 pa·

494 3870 570 3912 ne
611 3852 719 3909 isto
758 3851 964 3908 ‹iivinae
993 3852 1402 3910 misericordiae
1432 3854 1662 3910 confor-

491 3924 595 3982 tati
624 3926 901 3981 habemus
929 3923 991 3981 in
1033 3923 1273 3981 Domino
1303 3926 1455 3982 hanc
1493 3924 1666 3981 virtu-

490 4002 629 4054 tem.
658 4027 724 4037 —
760 3996 959 4053 Sextus
989 3999 1159 4069 panis
1193 4001 1279 4052 est
1307 3994 1493 4069 gratia
1519 4012 1665 4068 pro-

488 4066 772 4137 merendi,
801 4084 917 4139 qua
969 4068 1232 4124 videlicet
1284 4067 1471 4124 miuus
1499 4069 1666 4125 bonae

493 4140 914 4197 conversationi
928 4138 1204 4211 indulget.
1220 4141 1401 4207 Quam
1421 4138 1666 4211 gratiam

491 4212 629 4269 dicit
650 4212 970 4268 Bernartius
992 4213 1048 4266 in
1068 4211 1253 4269 tribus
1272 4209 1517 4268 maxime
1537 4227 1667 4267 con-

1752 434 1810 492 in
1873 432 2005 491 odio
2047 431 2474 506 praeteritorum
2529 433 2877 498 malorum,
2914 432 2964 489 in

1753 510 1975 564 contem
2023 513 2078 560 tu
2130 506 2410 561 bonorum
2457 506 2864 574 praesentium
2913 511 2963 559 et

1753 576 1811 634 in
1837 575 1958 633 desi
2003 574 2122 633 erio
2162 575 2506 632 futurorum.
2544 605 2615 617 -—
2654 575 2959 647 Septimus

1752 646 1917 720 panis
1963 652 2052 703 est
2103 661 2234 718 spes
2285 644 2607 715 obtinendi,
2637 662 2766 718 qua
2803 648 2957 702 Deus

1755 720 1934 775 donat
1956 716 2171 773 homini
2205 715 2320 772 indi
2367 732 2438 772 no
2454 721 2513 772 et
2540 717 2862 789 peccatori
2892 717 2958 773 de

1754 805 1858 846 sua
1882 794 2048 845 toties
2074 797 2305 858 experto
2378 787 2617 856 onitate,
2652 788 2861 859 usque
2887 788 2956 845 ad

1755 859 2008 918 coelestia
2046 858 2331 932 spei-anda
2356 874 2750 930 praesumere;
2785 860 2956 932 cujus

1756 932 1930 989 etiam
1985 929 2131 1000 tria,
2192 931 2504 986 secundum
2567 932 2955 999 Bemardum,

1758 1006 2080 1074 fragmenta
2111 1019 2125 1057 :
2151 1023 2181 1053 «
2203 1003 2353 1070 Tria,
2375 999 2582 1072 inquit,
2614 1002 2955 1069 considero,

1760 1073 1822 1131 in
1859 1073 2067 1145 quibus
2102 1077 2223 1128 tota
2272 1088 2401 1144 spes
2452 1087 2582 1128 mea
2627 1073 2952 1129 consistit:

1761 1150 2056 1202 caritatem
2080 1142 2428 1213 adoptioniS,
2455 1142 2769 1200 veritatem
2798 1160 2952 1226 pro-

1760 1215 2066 1284 missionis,
2114 1219 2455 1287 potestatem
2506 1213 2890 1273 redditionis.
2924 1234 2953 1269 ii

1840 1308 1900 1344 12
1932 1288 2145 1344 Sarma
2189 1302 2361 1342 Panas
2416 1303 2839 1343 rssnrncronux.
2892 1316 2958 1329 —

1763 1360 1977 1416 Refecti
2003 1358 2223 1415 duobus
2253 1356 2595 1428 septenariis
2642 1373 2897 1437 panum.
2928 1374 2960 1414 a

1763 1431 1932 1488 beato
1961 1430 2240 1485 Bernardo
2271 1427 2436 1485 nobis
2462 1429 2767 1500 appositis,
2798 1430 2961 1486 vide-

1765 1502 1897 1559 licet
1935 1499 2327 1574 incipientium
2377 1504 2436 1555 et
2487 1499 2956 1571 proficientium,

1767 1573 2104 1631 festinemus
2152 1587 2302 1628 nunc
2364 1576 2671 1644 utcumque
2715 1578 2962 1644 gustare

1768 1652 1986 1717 septem
2023 1642 2168 1699 alios
2205 1658 2241 1699 a
2291 1640 2503 1714 Spiritu
2539 1643 2755 1699 Sancto
2786 1643 2964 1701 nobis

1769 1715 2195 1789 proponendos,
2230 1712 2437 1785 quibus
2467 1713 2811 1789 reficiuntur
2838 1715 2964 1770 ani-

1771 1803 1879 1844 mae
1916 1785 2320 1859 perfectorum,
2350 1783 2447 1856 qui
2477 1800 2657 1857 panes
2689 1791 2840 1842 sunt
2870 1803 2964 1842 se-

1770 1864 1926 1932 ptem
1955 1861 2105 1912 duna
2134 1854 2376 1928 Spiritus
2410 1855 2621 1913 Sancti.
2655 1857 2816 1913 Felix
2837 1857 2965 1913 ani-

1774 1946 1868 1986 ma
1905 1944 2033 2000 quae
2074 1927 2161 1983 bis
2217 1926 2462 1983 saturari
2513 1927 2829 1984 meruerit!
2896 1931 2966 1985 Et

1769 2001 1919 2057 bene
1939 2003 2062 2056 baec
2088 2000 2238 2055 dona
2258 2014 2487 2055 nomine
2507 2008 2720 2070 panum
2741 2000 2965 2056 descri-

1772 2073 2006 2140 buntur,
2050 2070 2189 2141 quia
2232 2069 2646 2127 delectabiliter
2683 2070 2963 2127 reficiunt

1772 2142 2023 2200 animam
2078 2141 2137 2198 in
2189 2140 2480 2212 praesenti,
2513 2146 2572 2197 et
2617 2141 2840 2199 satiant
2900 2142 2956 2198 in

1772 2214 1982 2270 futuro.
2018 2243 2089 2255 —
2141 2212 2365 2269 Primus
2418 2211 2586 2284 panis
2641 2217 2730 2270 est
2780 2216 2958 2269 timor

1773 2283 2019 2353 Domini,
2045 2286 2237 2353 timor,
2272 2283 2529 2355 inquam,
2558 2283 2787 2353 filialis;
2818 2300 2955 2340 nam

1772 2356 1946 2412 timor
1968 2354 2188 2412 servilis
2217 2353 2612 2425 incipientium
2636 2365 2744 2411 est.
2773 2358 2842 2412 Et
2861 2355 2953 2411 hic

1773 2437 1857 2483 est
1888 2426 2063 2483 timor
2089 2432 2298 2497 castus,
2332 2441 2442 2497 quo
2474 2425 2601 2498 quis
2639 2443 2707 2482 ex
2746 2430 2955 2483 timore

1771 2498 1936 2556 timet
1964 2514 2000 2555 a
2047 2499 2163 2555 Deo
2194 2496 2470 2570 separari,
2505 2504 2563 2555 et
2595 2497 2722 2555 ideo
2759 2498 2952 2554 decli-

1772 2575 1872 2628 nat
1916 2586 1951 2626 a
1979 2577 2153 2651 malo,
2190 2574 2343 2641 quod
2394 2575 2780 2626 contrariatur
2806 2572 2948 2627 Deo.

1774 2674 1842 2684 —
1883 2642 2016 2710 Sed,
2057 2657 2191 2713 quia
2228 2645 2449 2712 oportet
2487 2640 2661 2697 etiam
2708 2642 2952 2697 beneia-

1774 2729 1924 2782 cere,
1983 2711 2241 2783 sequitur
2296 2713 2577 2769 secundus
2623 2712 2810 2785 panis,
2853 2711 2953 2784 qui

1775 2789 1863 2841 est
1898 2785 2111 2841 donum
2164 2782 2411 2855 pietatis,
2451 2799 2565 2854 quo
2606 2788 2803 2840 monet
2847 2799 2953 2839 nos

1776 2856 2019 2929 Spiritus
2074 2856 2335 2923 SauctUS,
2380 2860 2444 2911 ut
2498 2870 2801 2927 operemur
2836 2855 2949 2911 bo-

1776 2944 1915 2985 num
1955 2927 2030 2983 ad
2085 2925 2312 2982 laudem
2357 2924 2479 2992 Dei,
2520 2934 2579 2983 et
2628 2926 2703 2983 ad
2738 2924 2952 2981 utilita-

1777 3004 1891 3056 tem
1921 2996 2173 3055 omnium
2196 2996 2611 3068 proximorum3
2637 3002 2694 3053 et
2719 2997 2843 3053 haec
2871 3000 2955 3053 est

1775 3074 1977 3143 pietas,
2019 3084 2145 3141 quae
2187 3069 2264 3124 ad
2309 3072 2498 3124 omnia
2546 3070 2705 3125 utilis
2746 3074 2850 3137 est,
2896 3071 2950 3123 et

1777 3139 2031 3213 procedit
2058 3156 2125 3196 ex
2161 3139 2255 3212 pio
2286 3139 2478 3209 corde,
2511 3156 2622 3213 quo
2655 3140 2805 3195 Deus
2833 3144 2949 3195 tan-

1777 3220 1898 3269 tuin
1971 3211 2291 3280 invenitur3
2360 3209 2675 3283 corporalis
2757 3217 2949 3267 autem

1778 3281 2125 3346 exercitatio,
2166 3280 2381 3339 scilicet
2419 3282 2545 3339 sine
2596 3281 2830 3354 pietate,
2879 3280 2950 3337 ad

1778 3352 2063 3411 modicum
2100 3352 2257 3410 utilis
2286 3363 2389 3410 est.
2430 3386 2494 3397 —-
2530 3355 2754 3411 Tertius
2794 3352 2950 3423 panis

1779 3431 1864 3483 est
1901 3425 2116 3481 donum
2153 3424 2426 3491 scientiae,
2461 3426 2569 3481 hoc
2606 3431 2817 3481 donum
2847 3440 2949 3481 co-

1778 3496 2013 3552 mitatur
2045 3500 2157 3552 duo
2192 3495 2488 3568 praedicta‚
2529 3498 2683 3568 quia,
2717 3503 2778 3552 ut
2819 3496 2951 3550 dicit

1779 3569 2192 3637 Chrysostomus
2219 3609 2235 3638 ,
2293 3584 2462 3624 nemo
2511 3573 2702 3640 potest
2753 3581 2948 3624 cavere

1777 3643 2011 3710 malum,
2043 3637 2153 3695 nisi
2182 3638 2491 3711 cognitum,
2524 3654 2715 3709 neque
2745 3639 2947 3694 bonum

1776 3711 1965 3768 facere
2021 3710 2171 3783 quod
2222 3709 2487 3782 ignorat3
2522 3715 2579 3767 et
2614 3713 2724 3767 boc
2781 3709 2945 3765 datur

1773 3797 1877 3855 pei·
1899 3784 2113 3839 donum
2130 3780 2403 3851 scientiae,
2433 3797 2545 3852 quo
2575 3782 2743 3838 datur
2766 3781 2940 3837 homi·

1774 3853 1832 3910 ni
1864 3858 2083 3910 rectum
2132 3853 2347 3910 habere
2371 3851 2653 3925 judicium
2709 3852 2782 3908 de
2826 3850 2943 3907 istis

1774 3924 2161 3995 inferioribus,
2191 3925 2264 3980 ad
2309 3923 2773 3995 cognoscendum
2812 3920 2941 3995 quid

1776 3996 2030 4066 noxium,
2062 4001 2119 4052 et
2145 3994 2280 4066 quid
2311 3994 2617 4068 expediens
2647 3995 2720 4050 sit
2749 3994 2822 4050 ad
2844 4009 2944 4050 sa-

1775 4065 1973 4125 lutem.
2014 4099 2080 4109 -—
2119 4067 2367 4134 Quartus
2399 4066 2564 4139 panis
2608 4071 2694 4122 est
2741 4066 2948 4122 donum

1775 4138 2145 4209 fortitudiniS,
2187 4145 2244 4195 et
2272 4142 2417 4195 bene
2458 4137 2733 4195 fortitudo
2769 4135 2948 4209 sequi-

1778 4215 1874 4267 tur
1902 4210 2235 4279 scientiam3
2279 4225 2414 4266 nam
2458 4215 2688 4281 cognito
2727 4224 2829 4281 per
2853 4209 2945 4264 do-

493 4288 670 4353 stare,
690 4290 983 4355 tamquam
998 4281 1355 4368 ,fragmentis
1371 4281 1663 4341 videlicet:
1714 4275 1719 4348 i
1779 4298 1920 4340 num
1938 4281 2191 4341 scientiae
2208 4297 2335 4356 quae
2349 4280 2503 4341 mala
2516 4280 2770 4339 cavenda
2782 4284 2943 4352 sunt,
