3146 5023
814 350 894 402 DE
951 348 1188 402 SCRIBA
1241 348 1501 402 DOLOSO
1551 352 1634 404 ΒΤ
1689 348 1951 403 DUOBUS
2006 346 2225 401 ALIIS.
2717 348 2749 399 9

281 460 542 529 tardare,
575 458 683 515 etsi
709 456 877 514 valde
915 455 1271 513 inevitabilia
1298 463 1357 513 et
1380 457 1469 514 in-
1578 474 1751 529 gnam
1790 462 2062 526 operatur
2110 454 2573 528 pigritationem;
2627 468 2754 524 pro-

283 529 527 588 citautia
559 530 774 585 fuerint
807 544 938 599 quae
974 529 1294 584 attrahunt.
1330 531 1466 585 Etc-

284 603 407 659 nim
453 602 638 657 multo
688 600 895 656 melius
956 605 1047 659 est
1088 614 1327 673 regnum
1380 601 1466 656 di-

279 674 544 745 vulgare,
590 678 652 727 et
701 672 846 728 alios
894 669 1139 751 evellere
1185 686 1220 726 a
1257 679 1464 752 morte,

275 748 825 895 affloeffissttt'zt:
847 757 1110 883 εέἒὲηὲὲ,
1137 742 1466 870 2:¹22}ssss

278 902 414 943 cum
459 885 681 941 fuerint
722 887 821 955 qui
859 886 984 940 haec
1010 884 1278 940 universa
1307 898 1465 940 com·

282 958 461 1029 pleat.
489 955 646 1012 Nihil
671 955 847 1025 igitur
868 955 1025 1012 aliud
1050 956 1144 1010 bic
1171 954 1463 1024 discimus,

280 1043 457 1100 quam
525 1028 801 1099 quoniam
876 1041 1063 1096 neque
1130 1026 1465 1097 contingens

282 1107 513 1169 tempus
558 1100 799 1168 perdere
845 1102 1089 1168 oportet,
1131 1098 1235 1152 etsi
1268 1097 1465 1152 decem

284 1170 468 1226 millia
494 1185 626 1240 quae
665 1174 982 1240 provocant
1025 1166 1260 1233 fuerint,
1290 1174 1465 1238 atque

284 1241 557 1296 omnibus
595 1246 654 1295 et
681 1238 927 1295 maxime
954 1240 1298 1294 necessariis
1328 1238 1464 1307 ipsis

284 1311 610 1382 spiritualia
652 1326 991 1382 praeponere
1016 1325 1031 1364 ε
1060 1329 1089 1363 »
1138 1310 1262 1366 haec
1299 1311 1466 1379 chry-

281 1387 577 1439 sostomus,
605 1412 677 1424 -
705 1381 1001 1437 moraliter
1049 1381 1259 1437 mortui
1308 1396 1466 1450 sepe-

280 1454 434 1510 liunt
469 1457 749 1521 mortuos,
781 1452 1010 1523 quando
1048 1458 1376 1522 peccatores
1405 1453 1465 1508 in

282 1526 539 1597 peccatis
579 1523 699 1580 suis
741 1528 941 1579 mutuo
982 1522 1225 1579 fovendo
1280 1523 1467 1579 celant

281 1601 345 1653 et
362 1597 634 1668 operiunt
659 1596 1010 1664 semetipsos.
1049 1595 1228 1663 Unde,
1260 1609 1467 1650 secun—

282 1667 421 1723 dun
471 1667 817 1739 Greyorium,
861 1680 966 1736 per
1001 1670 1254 1721 mortuos
1296 1664 1465 1720 intel-

281 1737 388 1810 ligi
432 1744 674 1809 possunt
720 1736 1065 1805 adulatoreS,
1115 1737 1212 1807 qui
1265 1751 1465 1807 pecca-

281 1814 442 1865 tores
474 1808 672 1865 fovent
704 1809 761 1863 in
801 1808 1066 1878 peccatis,
1093 1822 1304 1878 eosque
1342 1822 1464 1862 am-

283 1879 437 1952 plius
467 1879 754 1950 sepeliunt
792 1879 1105 1949 premendo
1141 1884 1376 1949 terram,
1409 1883 1468 1934 et

286 1956 585 2007 terrenam
636 1950 1027 2007 adulationem
1077 1965 1247 2020 super
1298 1955 1468 2030 caput

288 2022 569 2093 ipserum,
614 2027 678 2077 ut
729 2024 1103 2077 exerceantur
1162 2021 1224 2075 in
1286 2021 1463 2090 vitiis,

284 2092 497 2149 institis
538 2092 784 2164 ligantes
831 2091 1004 2162 pedes
1049 2106 1270 2160 eorum,
1302 2107 1375 2148 ne
1404 2092 1467 2147 in

285 2162 397 2220 νὼ
430 2163 539 2219 Dei
564 2163 888 2221 ambulent.

353 2238 389 2292 5
426 2236 514 2291 Dr.
566 2251 780 2303 Teano,
841 2251 1169 2292 murinam
1226 2251 1314 2289 ms
1372 2251 1467 2297 oui

284 2323 422 2365 noia
470 2323 650 2362 num
684 2322 938 2375 vomrm,
967 2322 1257 2369 mii-QUAM
1277 2340 1281 2344 >
1299 2306 1465 2361 Cim·

287 2395 430 2436 εισι
472 2394 788 2447 senonum
816 2395 884 2434 nr
925 2394 1084 2435 emus
1108 2395 1191 2433 sir
1216 2393 1419 2433 ticum
1438 2378 1467 2432 ‘1

283 2480 358 2493 —
386 2452 466 2506 Et
490 2452 577 2504 ait
605 2450 766 2519 alter,
787 2450 861 2504 ad
884 2450 1074 2505 Jesum
1100 2467 1121 2504 ε
1149 2451 1366 2520 Sequar
1390 2453 1463 2520 te,

284 2524 565 2588 Βοωὰιος
621 2521 720 2576 sed
766 2523 1013 2591 primum
1064 2524 1326 2592 permitte
1380 2537 1467 2577 me

284 2595 617 2651 rmtiare
646 2593 733 2647 his
771 2608 893 2662 quae
924 2593 1077 2648 domi
1104 2597 1279 2660 sunt3
1307 2593 1468 2648 vole·

285 2665 391 2722 bat
426 2662 766 2719 renuntiare
809 2665 1161 2734 parentibuS,
1210 2679 1287 2719 ne
1320 2663 1466 2720 forte

284 2736 579 2817 quomodo
606 2734 733 2790 fieri
771 2735 916 2791 solet
953 2741 1283 2805 quaererent
1310 2750 1462 2803 eum,

285 2806 643 2863 licentiando
691 2820 753 2862 se
807 2806 882 2861 ab
937 2806 1041 2871 eis,
1102 2811 1161 2861 et
1213 2807 1467 2862 dicturus

282 2877 494 2942 valete,
542 2892 615 2932 ac
659 2875 1032 2947 dispositurus
1068 2876 1331 2933 familiae.
1375 2878 1467 2933 Sic

283 2947 523 3004 Blisaeus
556 2947 865 3017 requisitus
891 2947 1073 3003 Eliam
1099 2949 1260 3018 sequi
1287 2946 1461 3004 dixit:

285 3018 397 3076 Oro
410 3023 485 3082 te,
502 3021 568 3073 ut
583 3020 794 3074 osculer
797 3021 1045 3090 primum
1056 3023 1272 3089 patrem
1287 3034 1467 3076 meum

281 3094 595 3149 ‘mab-em
618 3105 815 3162 meam,
841 3092 1003 3147 etsie
1027 3106 1233 3161 sequar
1255 3096 1348 3158 τος
1385 3090 1468 3145 sic

280 3162 455 3220 hodie
485 3161 653 3216 inulti
674 3161 911 3232 faciunt,
944 3163 1043 3233 qui
1063 3161 1343 3217 inutiliter
1371 3162 1465 3217 in-

284 3247 550 3306 gressum
591 3233 911 3305 religionis,
940 3234 1033 3289 vel
1069 3234 1465 3290 executionem

284 3302 548 3360 melioris
595 3304 729 3360 vitae
775 3303 1066 3374 differunt,
1112 3311 1171 3361 et
1215 3304 1460 3360 dicunt:

283 3375 600 3446 thonam
642 3377 805 3443 prius
856 3376 929 3431 de
968 3376 1190 3446 amicis,
1248 3375 1335 3432 vel
1391 3376 1464 3432 de

279 3445 461 3503 rebus
488 3446 652 3516 meis,
684 3451 741 3501 et
778 3453 972 3516 postea
1002 3447 1342 3519 religionem
1381 3446 1465 3501 in-

281 3516 476 3585 trabo,
527 3531 629 3572 seu
674 3518 851 3572 vitam
906 3517 1244 3574 emendabo.
1300 3517 1464 3584 Quod

350 3590 363 3601 '
698 3589 969 3645 dissuasit
1007 3589 1254 3658 cuidam,
1298 3602 1463 3644 eum-

283 3673 402 3730 que
426 3657 502 3714 ab
529 3659 639 3714 bac
666 3658 986 3729 periculosa
1009 3660 1285 3716 dilatione
1309 3674 1468 3716 revo-

285 3729 463 3797 cavit,
508 3730 704 3785 dicens
729 3748 750 3785 ε
801 3752 829 3780 α
854 3731 1142 3788 Navieulae
1187 3728 1464 3787 haerentis

282 3800 351 3857 in
373 3801 495 3857 salo
514 3799 710 3856 funem
722 3800 907 3871 potius
924 3803 1260 3874 mfficinde,
1286 3816 1461 3874 quam

285 3870 466 3927 solve.
498 3888 532 3923 »
558 3871 719 3927 Unde
747 3879 807 3928 et
831 3874 1252 3943 chrysostomus
1283 3890 1301 3930 z
1331 3876 1460 3929 «Ne

287 3942 503 4013 dicam,
538 3942 856 4024 ‚dissolvam
886 3960 958 4000 ne
1001 3946 1117 4002 otia
1149 3960 1311 4014 mea;
1349 3943 1464 4015 pri-

283 4026 449 4070 mum
467 4014 810 4094 principium
825 4016 945 4071 desi
988 4016 1059 4071 iae
1077 4018 1200 4072 baec
1221 4016 1465 4072 tardatio

285 4088 396 4142 est.
429 4085 712 4152 Quoniam
744 4086 1114 4143 vehementer
1136 4088 1312 4143 instat
1341 4087 1465 4142 dia-

284 4155 461 4238 bolus
494 4157 834 4239 ingressum,
875 4174 1047 4230 quem
1085 4159 1234 4215 Deus
1270 4158 1469 4214 volens

280 4233 577 4298 accipere,
625 4234 685 4282 et
725 4244 775 4284 si
824 4244 1062 4301 parvam
1104 4230 1465 4286 vocationem

280 4302 349 4356 et
400 4297 792 4359 zai-dationem
831 4299 1304 4374 apprehenderit,
1351 4313 1468 4358 ma-

1583 537 1707 599 pter
1746 531 1855 585 hoc
1913 529 2185 584 admonet
2219 523 2496 599 quidamz
2551 526 2625 580 Et
2687 540 2755 581 ne

1580 600 1811 671 differas
1835 600 1905 654 de
1931 600 2021 655 die
2046 602 2107 654 in
2131 599 2298 654 diem.
2329 616 2359 650 io
2389 596 2552 664 Quod
2578 593 2753 651 etiam

1581 677 1906 728 removetur
1929 669 2290 726 convenienti
2309 666 2594 736 exemplo,
2626 680 2755 722 cum

1579 742 1843 799 subditur
1866 760 1880 795 :
1901 742 2024 805 Ait,
2052 739 2225 809 enirn,
2253 740 2330 795 ad
2357 740 2520 794 illum
2551 740 2752 793 Iesus:

1578 817 1748 874 Nemo
1775 816 2000 869 mittens
2049 827 2272 867 niarium
2316 825 2475 865 suam
2500 808 2578 864 ad
2628 824 2756 864 ara·

1579 890 1756 951 trum,
1790 883 2009 942 scilicet
2061 882 2430 953 poenitentiae,
2486 896 2600 952 qua
2654 893 2754 935 cor

1581 959 1876 1019 evertitur.
1937 960 1998 1011 ut
2058 952 2365 1009 virtutibus
2412 953 2749 1020 seminetur,

1578 1031 1822 1095 mittens,
1855 1027 2108 1095 inquam,
2140 1024 2486 1095 poenitendo,
2510 1029 2569 1079 et
2594 1021 2754 1077 Chri-

1580 1105 1731 1154 stum
1777 1096 1939 1168 sequi
1994 1096 2406 1167 proponend03
2465 1100 2517 1149 et
2565 1093 2747 1164 respi-

1580 1172 1728 1225 ciens
1772 1175 1940 1237 retro,
1988 1170 2136 1223 sacto
2181 1166 2270 1221 vel
2319 1166 2630 1235 proposito,
2678 1164 2753 1220 ad

1577 1246 1787 1296 statum
1809 1237 2110 1309 pristinum
2138 1236 2454 1303 redeundo,
2481 1239 2648 1307 aptus
2671 1241 2754 1292 est

1580 1327 1748 1379 refluo
1790 1313 1911 1374 Dei,
1958 1308 2361 1380 consequendo
2406 1307 2494 1361 vel
2541 1305 2752 1376 praedi-

1582 1383 1790 1438 cando.
1859 1381 2019 1438 Unde
2078 1376 2308 1447 Paulu8‚
2359 1392 2600 1449 regnum
2650 1376 2753 1434 Dei

1582 1453 1882 1509 habiturus
1931 1456 1990 1506 et
2044 1451 2231 1520 ipsum
2297 1448 2422 1504 aliis
2482 1447 2753 1518 praedica·

1582 1529 1767 1593 turus,
1793 1524 1902 1578 ait:
1934 1522 2066 1589 Quae
2086 1526 2233 1576 retro
2251 1523 2382 1576 sunt
2399 1520 2751 1590 obliviscens,

1622 1595 1745 1650 uasi
1803 1596 2077 1650 Dominus
2132 1590 2285 1648 dicat
2330 1592 2425 1646 ei:
2466 1592 2648 1647 Vocat
2693 1594 2753 1647 te

1633 1664 1803 1735 riens‚
1831 1670 1891 1720 et
1909 1670 1971 1721 tu
1991 1663 2238 1720 attendis
2258 1662 2329 1717 ad
2350 1661 2714 1718 Occidentem
2733 1662 2749 1718 l

1578 1738 1683 1794 Hic
1733 1753 1869 1808 ergo
1914 1740 2238 1793 removetur
2282 1731 2501 1789 inutilis
2530 1732 2752 1805 dilatio,

1580 1808 1716 1880 quia
1743 1823 1873 1864 cum
1904 1805 2256 1879 propositum
2287 1805 2546 1861 mutandi
2575 1802 2753 1861 vitam

1581 1880 1912 1951 parentibus
1944 1878 2251 1946 revelatur,
2291 1876 2635 1947 quandoque
2673 1874 2748 1932 ab

1579 1951 1661 2007 eis
1709 1956 2031 2007 revocatur.
2073 1950 2281 2004 Arator
2322 1947 2537 2018 quippe
2594 1951 2751 2003 retro

1579 2022 1856 2092 aspiciens
1897 2021 2035 2077 facit
2075 2020 2298 2074 sulcum
2335 2024 2658 2073 tortuosum
2692 2021 2753 2073 et

1578 2094 1834 2163 ineptum
1861 2109 1878 2161 ;
1910 2092 1992 2148 sic
2021 2090 2304 2161 accipiens
2340 2089 2592 2144 melioris
2618 2088 2753 2147 vitae

1577 2170 1811 2233 statum,
1843 2168 1901 2220 et
1929 2163 2148 2218 habens
2171 2159 2440 2216 affectum
2469 2157 2753 2215 redeundi

1578 2236 1653 2290 ad
1700 2239 1909 2291 statum
1941 2233 2265 2316 pristinum,
2311 2232 2539 2301 ineptus
2566 2235 2655 2311 est
2678 2228 2755 2286 ad

1579 2301 2756 2455 {3513ssss{tidapffifflssiiffffssss⁸2⁸3

1577 2448 1652 2503 ad
1699 2449 1976 2504 mundum
2034 2452 2225 2504 mente
2276 2450 2542 2516 recurrit,
2598 2459 2754 2502 nune

1578 2520 1701 2590 bos,
1730 2536 1881 2577 nunc
1909 2521 2057 2589 illoS,
2098 2535 2198 2576 seu
2236 2519 2393 2589 prius
2421 2518 2620 2574 habita
2658 2515 2752 2574 vel

1576 2589 1727 2648 facta
1773 2592 1834 2647 in
1877 2592 2050 2647 corde
2085 2588 2454 2658 revolvendo,
2492 2595 2551 2645 et
2586 2602 2754 2645 amo-

1578 2678 1704 2720 rem
1733 2679 1835 2719 seu
1859 2662 2296 2719 delectationem
2325 2659 2398 2715 ad
2420 2657 2754 2730 hujusmodi

1576 2735 1880 2792 flectendo,
1913 2734 2072 2790 Unde
2094 2734 2381 2789 Maximus
2405 2732 2751 2803 Episcopus:

1578 2824 1609 2859 «
1644 2806 1837 2864 Omnis
1874 2806 2028 2862 enim
2062 2820 2256 2872 arans,
2282 2804 2330 2858 si
2368 2800 2752 2871 retroaspicit,

1576 2881 1680 2933 aut
1717 2882 2034 2931 tortuosum
2070 2881 2129 2930 et
2164 2874 2428 2929 inutilem
2459 2872 2600 2928 facit
2633 2869 2753 2924 sul-

1577 2960 1734 3009 cum,
1799 2949 1899 3000 aut
1964 2950 2220 2999 aratrum
2287 2942 2464 2997 boum
2520 2952 2757 2996 suorum

1577 3014 1816 3087 vestigia
1866 3011 2208 3069 vulnerabit.
2263 3012 2349 3068 lta
2402 3015 2463 3066 et
2514 3009 2615 3080 qui
2668 3008 2758 3065 di-

1576 3091 1738 3144 recto
1792 3086 2024 3141 tramite
2075 3098 2145 3139 ac
2191 3080 2473 3153 spirituali
2524 3094 2758 3138 vomere

1575 3159 1720 3215 vitia
1742 3158 2036 3214 mundana
2072 3154 2398 3227 persulcans
2426 3152 2646 3211 incedit
2681 3151 2758 3209 ad

1575 3245 1820 3303 regnum
1873 3228 1994 3298 Dei,
2045 3229 2094 3283 si
2137 3230 2429 3297 aspectum
2468 3240 2636 3284 suum
2681 3222 2758 3282 ad

1573 3303 1754 3373 impia
1795 3305 1853 3357 et
1889 3314 2036 3356 vana
2070 3299 2458 3372 converterit3
2497 3303 2557 3355 et
2587 3299 2756 3372 juges

1571 3389 1727 3443 suos,
1770 3373 1881 3431 hoc
1917 3377 2006 3428 est
2041 3386 2245 3442 corpus
2289 3375 2462 3443 atque
2496 3371 2753 3428 animam

1576 3445 1899 3500 vulnerabit
1951 3449 2010 3501 et
2065 3440 2268 3525 optimi
2326 3442 2549 3500 itineris
2601 3442 2754 3513 peri·

1575 3516 1829 3572 culosum
1880 3515 2049 3571 nimis
2098 3514 2343 3570 incurrit
2402 3528 2683 3570 errorem.
2723 3530 2753 3565 i>

1575 3588 1738 3644 Unde
1763 3591 1821 3643 et
1845 3588 2195 3657 Anqustinus
2213 3603 2240 3640 „-
2281 3603 2313 3639 «
2349 3586 2602 3658 Apponit
2625 3597 2755 3639 ma-

1576 3673 1715 3716 num
1760 3666 1975 3729 aratro,
2016 3658 2116 3729 qui
2161 3655 2507 3713 affectuosus
2553 3660 2639 3711 est
2678 3654 2756 3712 ad

1572 3731 1970 3801 sequendum3
2030 3733 2187 3784 retro
2245 3734 2440 3785 tamen
2495 3724 2752 3795 respicit,

1572 3795 2586 3927 tsffssr‘itffltt‘zssffiass
2620 3795 2759 3924 {5421

1576 3940 1818 3997 ferendi.
1842 3958 1872 3993 »
1896 3940 2054 3995 Unde
2076 3937 2249 3994 etiam
2269 3937 2584 3992 Bernartius
2603 3956 2618 3995 ε
2640 3956 2670 3992 «
2694 3936 2757 3998 Si

1576 4016 1771 4069 autem
1813 4015 2110 4068 secuturus
2158 4009 2463 4066 Dominum
2506 4008 2754 4081 discipu-

1578 4084 1687 4154 lus,
1719 4082 1818 4152 qui
1859 4079 1950 4136 vel
1990 4079 2184 4135 domui
2222 4080 2555 4144 renuntiare
2598 4083 2753 4155 velit,

1579 4156 1883 4234 arguitur:
1938 4151 2076 4224 quid
2126 4150 2228 4209 fiet
2270 4145 2386 4207 illis‘
2437 4151 2537 4223 qui
2598 4155 2757 4214 nulla

1581 4225 1866 4307 utilitatis,
1889 4224 2051 4281 nulla
2079 4224 2216 4282 fidei
2245 4223 2598 4284 aedificandae
2628 4243 2755 4301 gra·

1580 4304 1661 4354 tia
1700 4298 1910 4371 saepius
1955 4311 2212 4369 suorum,
2257 4311 2403 4369 quos
2439 4295 2504 4355 in
2532 4300 2759 4374 ,mundo
