3146 5023
338 383 425 441 ¹68

333 499 491 555 vobis
539 502 805 558 Dominus
854 500 924 556 de
957 502 1233 569 trah-ibus
1285 505 1502 567 vestris,

335 573 619 640 tamquam
642 589 728 628 me
755 572 994 628 audietis
1009 588 1148 628 eum.
1180 575 1503 630 Secundum

336 641 502 709 Legis
548 642 782 711 dictum,
820 650 1090 699 venturus
1119 650 1207 699 est
1244 645 1302 700 in
1334 660 1505 700 mun-

335 711 473 768 dum
499 713 570 768 ad
599 712 787 784 ipsum
812 713 1179 783 salvandum3
1203 717 1284 771 sic
1310 721 1504 772 autem

336 797 452 838 non
480 787 760 840 venerunt
788 783 885 839 alii
918 784 1242 856 Prophetae,
1277 788 1377 843 sed
1421 803 1507 843 so-

335 853 451 909 lum
481 854 554 909 ad
600 854 1051 911 denuntiandum
1100 855 1263 914 istius
1291 858 1504 914 adven·

334 927 474 979 tum.
532 924 635 980 Ubi
683 926 1001 995 sciendum,
1050 930 1200 998 quod
1249 928 1509 985 Christus

333 993 647 1065 promissus
703 1000 828 1052 erat
886 998 944 1053 in
1010 998 1156 1068 hege
1213 1003 1506 1081 tamquam

337 1066 622 1134 Propheta
638 1069 843 1124 ceteris
857 1068 1222 1126 excellentior
1237 1088 1252 1139 3
1277 1075 1333 1127 et
1353 1074 1506 1140 ideo,

334 1137 452 1192 viso
480 1136 759 1194 miraculo
777 1138 1076 1210 praedicto,
1107 1143 1347 1213 populus
1377 1158 1512 1198 con·

331 1208 514 1264 fessus
545 1216 628 1264 est
663 1209 817 1266 illum
842 1225 990 1280 esse,
1019 1211 1091 1268 de
1115 1228 1226 1283 quo
1253 1212 1510 1284 loquitur

381 1280 615 1336 raedicta
673 1279 970 1352 Scriptura
998 1324 1014 1352 ,
1071 1282 1231 1339 illum
1304 1300 1509 1355 nempe

383 1354 705 1423 rophetam‚
736 1355 836 1423 qui
859 1359 1123 1410 venturus
1149 1360 1231 1411 est
1260 1357 1321 1411 in
1347 1372 1509 1413 mun-

336 1423 489 1492 dum,
523 1428 579 1478 et
599 1422 680 1479 sic
709 1439 839 1480 eum
871 1425 1250 1484 confitebatur
1268 1443 1394 1484 esse
1413 1443 1510 1484 ve—

337 1510 464 1550 rum
515 1493 825 1552 Christum.
868 1496 1146 1569 Conspice
1202 1498 1375 1580 igitur
1408 1501 1514 1554 Do-

338 1567 556 1622 minum
585 1567 800 1636 Jesum‚
840 1568 1087 1639 qualiter
1126 1567 1511 1641 indigentibus

337 1636 785 1694 misericorditer
839 1640 1244 1696 condescendit
1278 1645 1335 1695 et
1375 1641 1508 1696 sub-

335 1708 511 1766 venit.
566 1724 632 1764 ac
666 1710 859 1765 omnia
911 1711 1170 1765 ordinate
1220 1710 1390 1779 sacit;
1451 1714 1508 1764 et

337 1779 591 1852 qualiter
626 1779 752 1833 illos
786 1779 1149 1834 comedentes
1194 1780 1415 1851 aspicit,
1451 1783 1508 1834 et

337 1852 393 1905 in
422 1864 620 1906 eorum
637 1849 995 1919 jucunditate
1016 1849 1260 1916 laetatur,
1275 1856 1337 1905 et
1405 1864 1505 1904 uo-

337 1919 506 1975 modo
552 1918 631 1972 illi
667 1934 839 1988 super
869 1920 975 1974 isto
1012 1918 1286 1975 miraculo
1329 1937 1363 1976 a
1406 1919 1509 1975 mi-

336 1995 557 2058 rantur,
590 1994 645 2044 et
679 2005 825 2046 unus
863 1991 935 2046 ad
980 1990 1229 2048 alterum
1261 1990 1395 2048 inde
1429 1992 1510 2048 lo-

337 2060 549 2134 quitur,
589 2059 841 2117 dicentes
893 2078 907 2117 z
949 2062 1092 2130 Quia
1134 2064 1224 2118 hic
1273 2069 1353 2119 est
1388 2079 1511 2118 vere

336 2135 634 2205 Propheta,
680 2136 740 2190 et
796 2134 959 2204 plura
997 2133 1111 2191 alia
1154 2135 1228 2191 ad
1282 2135 1510 2192 laudem

338 2206 464 2278 ejus
517 2205 883 2276 pertinentia.
921 2208 1235 2281 Laetantur,
1282 2212 1338 2263 et
1382 2222 1509 2262 cum

339 2278 652 2348 gratiarum
706 2280 928 2333 actione
990 2279 1359 2346 manducant,
1390 2293 1509 2332 non

340 2347 524 2402 solum
557 2350 929 2417 corporaliter
972 2349 1157 2403 cibum
1197 2353 1506 2412 sumenteS,

336 2416 441 2472 sed
473 2416 642 2471 etiam
703 2416 1049 2486 mentaliter,
1080 2418 1282 2472 saltem
1330 2417 1406 2472 ali
1453 2419 1507 2472 ui

341 2503 407 2544 ex
433 2485 536 2555 eis,
573 2485 941 2542 refectionem
975 2487 1370 2558 percipientes,
1449 2494 1508 2546 ta

340 2563 398 2615 et
420 2564 480 2615 tu
508 2575 543 2615 a
566 2559 754 2629 longe,
791 2558 996 2614 famem
1018 2558 1288 2615 desiderii
1318 2564 1376 2616 et
1406 2559 1509 2616 mi-

339 2632 548 2686 seriam
581 2632 698 2686 laer
738 2630 843 2686 mis
865 2631 1039 2701 prode
1051 2648 1069 2700 3
1100 2646 1330 2687 manum
1359 2636 1505 2688 tam-

384 2717 513 2758 uam
544 2718 673 2758 men
718 2703 836 2757 icus
874 2703 1132 2770 extende,
1167 2701 1214 2757 si
1261 2703 1407 2759 sorte
1435 2704 1506 2761 de

390 2776 441 2830 ei
481 2775 646 2830 donis
675 2781 731 2829 et
760 2772 1050 2828 beneficiis
1077 2773 1278 2829 saltem
1316 2774 1504 2830 modi-

341 2861 470 2902 cum
499 2846 634 2917 quid
662 2846 937 2900 merearis
964 2842 1241 2915 accipere.

412 2922 444 2972 8
475 2918 693 2974 Cmusu
726 2934 790 2971 ΕΤ
817 2933 1206 2973 mscirunonuu
1229 2933 1352 2972 mus
1381 2934 1507 2975 ran·

339 3007 560 3046 eunomii
595 3005 1006 3046 consum-run.
1042 3018 1114 3031 —
1168 2987 1272 3045 Ubi
1317 2991 1503 3045 consi-

339 3060 593 3117 deranda
621 3068 709 3117 est
747 3061 1065 3130 pacimonia
1103 3062 1285 3116 victus
1332 3060 1501 3117 disci-

337 3134 602 3210 pulorum
640 3132 849 3188 Christi
889 3134 948 3187 in
983 3132 1206 3189 duobus
1237 3153 1249 3185 ε
1295 3130 1497 3201 primo,

337 3215 399 3256 in
450 3203 745 3270 qualitate,
804 3203 939 3271 quia
982 3217 1130 3272 pane
1181 3202 1499 3259 hordeaceo

338 3271 661 3338 utebantur,
714 3270 811 3340 qui
858 3277 946 3326 est
992 3273 1152 3327 cibus
1203 3273 1499 3342 jumento·

333 3353 501 3394 rum:
563 3341 835 3418 secundO,
887 3339 947 3396 in
996 3341 1331 3411 quantitate,
1364 3342 1500 3412 quia

335 3407 637 3464 duodecim
666 3410 795 3476 viri,
837 3417 894 3464 et
941 3411 1197 3467 Christus
1230 3428 1357 3466 cum
1393 3415 1495 3482 eis,

332 3483 390 3536 et
433 3478 575 3533 sorte
606 3478 862 3533 nonnulli
921 3480 993 3535 de
1039 3479 1168 3535 aliis
1204 3481 1497 3550 discipulis

331 3565 429 3606 eos
456 3546 732 3616 comitati,
765 3564 883 3605 non
909 3549 1020 3607 nisi
1053 3553 1298 3620 quinque
1319 3566 1496 3621 panes

331 3621 654 3678 hordeaceos
684 3620 999 3693 habebant3
1031 3620 1090 3677 in
1121 3635 1234 3691 quo
1267 3626 1496 3679 notatur

329 3693 478 3749 mira
515 3691 708 3764 inopia
740 3692 946 3749 Christi
973 3698 1031 3749 et
1060 3691 1491 3764 discipulorum,

329 3767 478 3837 quod
497 3780 708 3836 paucos
729 3778 905 3836 panes
921 3764 1226 3834 habebant,
1248 3769 1305 3820 et
1331 3763 1492 3835 viles,

327 3837 478 3893 unde
506 3843 563 3892 et
591 3837 918 3908 frequenter
936 3851 1063 3892 cum
1086 3834 1325 3892 Domino
1339 3837 1493 3908 passi

321 3915 455 3964 sunt
488 3910 716 3964 famem.
760 3906 830 3964 In
877 3922 989 3979 quo
1033 3908 1205 3963 etiam
1234 3914 1490 3980 apparet,

326 3984 605 4050 quantum
629 3994 814 4035 escam
833 3980 1121 4036 carnalem
1143 3986 1493 4048 contempse-

331 4055 488 4119 runt,
515 4052 650 4106 solis
679 4051 1069 4123 spiritualibus
1107 4049 1491 4108 intendentes.

331 4121 490 4176 Unde
519 4122 930 4189 chrysostomus
960 4141 978 4177 ε
1009 4144 1039 4174 «
1067 4123 1359 4178 Discamus
1388 4139 1491 4178 au-

328 4194 444 4245 tem
470 4192 625 4259 hinc,
698 4191 752 4247 ui
802 4191 1080 4275 voluptati
1122 4193 1491 4262 attendimuS,

326 4273 456 4330 quae
485 4276 646 4316 come
688 4263 860 4318 ebant
877 4262 1169 4319 mirabiles
1196 4263 1301 4319 viri
1325 4263 1404 4319 illi
1436 4270 1493 4321 et

237 4365 256 4380 2
326 4328 539 4400 magni,
571 4335 629 4385 et
647 4330 1022 4401 quantitatem
1046 4347 1244 4388 eorum
1260 4349 1388 4404 quae
1413 4334 1495 4391 in-

1050 394 1267 449 ritum
1321 396 1559 451 unns
1616 399 1823 452 saror
1878 362 2072 451 txvn

1615 502 1967 573 ferebantur,
2011 507 2069 558 et
2115 499 2389 557 vilitatem
2441 512 2651 555 mensae
2677 511 2782 552 eo-

1614 590 1765 632 rum.
1794 594 1823 626 »
1866 577 1933 629 Et
1961 573 2169 630 iterum
2202 590 2216 628 ε
2252 591 2281 626 «
2315 574 2563 628 ,loannes
2590 575 2784 650 autem

1608 662 1784 717 panes
1813 646 2135 706 hordeaceos
2163 660 2289 700 esse
2319 641 2476 708 dicit,
2509 656 2624 696 non
2666 653 2785 695 ina-

1614 716 1763 773 niter
1781 718 1889 773 hoc
1904 731 2182 772 enarrans
2197 734 2209 780 ;
2232 714 2333 770 sed
2351 718 2634 770 tumorem
2651 726 2782 781 pre-

1614 786 1879 844 tiositatis
1925 788 2191 843 erudiens
2230 800 2337 841 nos
2381 782 2714 841 conculcare
2763 796 2779 836 ι

1613 858 1746 915 talis
1770 857 1921 914 enim
1954 857 2370 930 Prophetarum
2401 869 2602 911 mensa
2633 856 2776 933 erat.

1614 933 1684 987 Et
1706 928 1873 1003 jussit
1896 944 1992 986 eos
2018 944 2188 1000 super
2205 930 2419 984 l'oenum
2436 928 2647 999 jacere,
2664 923 2785 1005 piu-

1616 1001 1906 1073 losophari
1931 1001 2131 1057 turbas
2153 998 2454 1065 erudiens3
2488 1012 2602 1052 non
2630 1008 2784 1051 emm

1618 1072 1839 1129 nutrire
1867 1088 2105 1142 corpora
2133 1071 2315 1128 solum
2343 1069 2592 1149 volebat,
2607 1067 2708 1123 sed
2729 1070 2786 1122 et

1617 1145 1867 1200 animam
1895 1142 2142 1200 erudire.
2176 1144 2244 1198 Et
2263 1157 2298 1197 a
2328 1140 2451 1197 loco
2478 1138 2654 1210 igitur
2670 1140 2728 1193 et
2747 1151 2784 1216 a

1619 1213 1761 1271 nihil
1788 1212 2033 1286 amplius
2052 1215 2296 1286 panibus
2324 1212 2511 1268 dando
2536 1214 2598 1292 et
2626 1207 2788 1281 pisci-

1618 1287 1746 1356 bus,
1786 1290 1842 1342 et
1895 1286 1968 1342 ab
2023 1284 2361 1357 apponendo
2398 1283 2661 1363 omnibus
2696 1293 2789 1336 ea-

1621 1358 1773 1427 dem,
1804 1363 1863 1413 et
1910 1372 1946 1413 a
1990 1355 2250 1413 faciendo
2282 1369 2626 1420 communia,
2659 1354 2714 1432 et
2738 1366 2786 1430 ,a

1620 1428 1760 1485 nihil
1793 1426 1959 1485 alteri
2006 1430 2130 1499 plus
2166 1427 2476 1499 praebendo
2511 1443 2526 1492 ;
2558 1421 2782 1480 humill·
2858 1468 2873 1485 ,

1618 1504 1813 1568 tatem,
1842 1504 1899 1556 et
1924 1498 2336 1571 parcimoniam
2386 1502 2444 1554 et
2466 1494 2783 1562 caritatem,
2884 1554 2893 1559 .

1620 1586 1748 1642 quae
1789 1573 1978 1626 omnia
2028 1569 2383 1626 aestimarent
2435 1565 2784 1645 communia,

1618 1657 1717 1697 eos
1766 1639 2029 1697 erudivit.
2084 1643 2154 1695 Et
2201 1640 2351 1709 quod
2402 1638 2703 1693 videbatur
2728 1649 2789 1689 1n

1618 1727 1809 1766 eremo
1832 1708 2041 1765 Judaeis
2060 1726 2183 1765 esse
2212 1707 2494 1775 mirabile,
2521 1707 2790 1761 dicebant

1654 1779 1861 1851 uippe:
1901 1780 2189 1850 Numquid
2237 1783 2289 1834 et
2334 1793 2531 1850 panem
2585 1777 2792 1846 poterit

1688 1868 1768 1920 re,
1796 1853 1895 1906 aut
1922 1866 2129 1921 parare
2155 1865 2398 1905 mensam
2424 1851 2484 1903 in
2523 1847 2735 1903 deserto
2753 1846 2783 1898 2

1616 1923 1726 1979 hoc
1796 1937 1861 1978 er
1893 1936 2069 1991 opera
2092 1922 2386 1990 ostendit;
2418 1917 2786 2005 propter‘hoc

1616 2000 1674 2050 et
1723 1995 1740 2048 i
1810 1993 2102 2049 desertum
2164 2009 2261 2050 eos
2313 1994 2488 2058 ducit,
2536 1993 2599 2045 ut
2654 1986 2787 2045 sine
2844 2018 2875 2037 .-
2932 2006 2951 2041 ·.

1619 2064 1777 2121 omni
1805 2064 2127 2137 suspicione
2165 2064 2373 2120 sithoc
2421 2060 2784 2129 miraculum,

1620 2141 1675 2192 et
1705 2128 1894 2193 nullus
1934 2137 2174 2193 aestim'et
2212 2152 2280 2193 ex
2314 2135 2542 2191 castello
2590 2129 2786 2202 aliquo

1620 2223 1794 2279 prope
1845 2208 2105 2263 existenti
2176 2206 2373 2264 inferri
2439 2203 2656 2276 aliquid
2714 2201 2786 2257 ad
2890 2200 2945 2265 J

1621 2293 1873 2334 mensam
1903 2295 1916 2333 ε
1951 2297 1980 2331 >>
2012 2280 2133 2333 haec
2164 2280 2556 2347 Grysostomus.
2596 2272 2786 2331 Voluit

1619 2347 1791 2405 etiam
1819 2347 1880 2404 in
1909 2348 2131 2405 deserto
2184 2351 2289 2405 hoc
2329 2347 2667 2406 miraculum
2707 2343 2784 2401 sa-

1616 2436 1764 2487 cere,
1806 2424 1869 2475 ut
1920 2419 2272 2490 significaret
2312 2436 2372 2477 se
2426 2435 2549 2475 esse
2598 2416 2781 2484 illum,

1616 2492 1715 2563 qui
1740 2490 2119 2564 quadraginta
2140 2492 2305 2548 annis
2378 2493 2494 2549 avit
2513 2487 2784 2562 populum

1617 2565 1674 2618 in
1714 2563 1961 2634 deserto,
2016 2564 2115 2636 qui
2176 2564 2330 2620 Patri
2377 2580 2441 2620 us
2490 2566 2615 2618 erat
2648 2575 2782 2641 pro·

1618 2633 1858 2697 missus:
1923 2634 2059 2692 item
2099 2678 2114 2707 ,
2173 2637 2233 2692 in
2297 2638 2525 2706 signum
2583 2632 2777 2700 futuri,

1617 2704 1750 2776 quia
1781 2704 1842 2760 in
1881 2708 2113 2777 regione
2163 2710 2218 2761 et
2251 2711 2400 2762 statu
2449 2706 2776 2770 multorum,

1615 2777 1712 2832 ubi
1745 2792 1850 2833 nec
1872 2779 2205 2840 seminatur,
2247 2793 2354 2835 nec
2394 2776 2646 2845 metitur,
2678 2789 2778 2846 pa-

1612 2847 1720 2904 scit
1746 2848 1897 2905 Deus
1939 2864 2132 2905 servos
2159 2864 2310 2905 suos,
2362 2850 2546 2920 Unde,
2571 2862 2780 2903 secun-

1614 2920 1748 2975 dum
1782 2921 2159 2992 Theophilum,
2190 2920 2538 2977 addiscimus
2568 2936 2634 2974 ex
2666 2915 2776 2971 mi-

1610 2991 1802 3047 raculo
1830 2997 2153 3064 perpetrato
2184 3008 2300 3049 non
2329 2990 2455 3048 fleri
2484 2988 2779 3071 pusillani-

1612 3077 1731 3118 mes
1782 3061 1841 3117 in
1884 3063 2359 3120 coarctationibus
2407 3064 2777 3134 paupertatis.

1609 3134 1676 3187 Et
1721 3133 1868 3189 bene
1924 3134 2163 3205 panibus
2218 3133 2369 3204 pavit
2425 3130 2779 3210 hordeacei-s,

1598 3202 1741 3274 ,quia
1778 3204 1942 3274 panis
1971 3203 2245 3260 delicatus
2276 3218 2388 3258 non
2428 3200 2542 3279 hic,
2581 3199 2681 3254 sed
2716 3214 2778 3253 1n

1606 3273 1795 3328 futuro
1830 3278 1917 3329 est
1952 3272 2282 3344 gustanduS.
2322 3273 2551 3337 Quotles
2589 3273 2779 3323 autem

1606 3342 1908 3399 Dominum
1940 3343 2181 3413 legimus
2218 3357 2286 3397 ex
2317 3338 2503 3411 paucis
2539 3338 2779 3409 panibus

1606 3411 1810 3468 multas
1841 3413 2131 3468 hominum
2160 3414 2356 3468 turbas
2386 3425 2629 3481 pavisse,
2662 3426 2779 3466 non

1605 3487 1820 3537 tantum
1863 3488 1949 3539 est
1986 3481 2330 3551 mirandum,
2371 3486 2644 3552 quantum
2682 3498 2778 3539 ve-

1602 3552 1940 3609 nerandum.
1967 3555 2089 3618 Non
2110 3558 2197 3609 est
2217 3552 2423 3610 mirum
2450 3552 2581 3623 quia
2642 3554 2778 3623 avit,

1603 3623 1701 3679 sed
1740 3623 1926 3706 potius
1966 3626 2373 3695 venerandum,
2417 3625 2554 3695 quia
2617 3640 2781 3681 acere

1601 3695 1808 3763 volu1t3
1869 3697 1966 3768 qui
2021 3694 2172 3752 enim
2225 3712 2292 3753 ex
2348 3695 2526 3752 nihilo
2578 3701 2782 3753 cuncta

1603 3765 1832 3832 creavit,
1867 3784 1980 3823 non
2013 3772 2101 3823 est
2136 3767 2365 3837 mirum,
2401 3765 2446 3823 si
2486 3783 2553 3823 ex
2585 3767 2781 3840 paucis

1601 3837 1846 3909 panibus
1875 3839 2082 3894 multas
2106 3840 2305 3896 turbas
2332 3840 2505 3910 pavit.

1683 3932 1716 3983 9
1743 3911 2064 3967 Exrucuio
2084 3927 2417 3967 ALLEGORICA
2440 3927 2604 3967 nuans
2621 3928 2778 3967 mna-

1603 3998 1744 4038 cum.
1786 4011 1855 4022 -
1893 3981 2144 4053 Mystice,
2175 3998 2278 4065 per
2310 3986 2552 4053 quinque
2583 3998 2776 4053 panes,

1644 4051 1856 4122 uinque
1881 4051 2011 4109 libri
2033 4054 2240 4125 Moysis
2260 4070 2275 4121 3
2298 4069 2401 4125 per
2419 4055 2555 4108 duos
2575 4055 2777 4124 pisces,

1652 4125 1907 4195 rophetae
1936 4128 1994 4180 et
2027 4124 2237 4180 Psalmi
2274 4123 2682 4194 intelliguntur.
2715 4126 2779 4180 ln

1604 4193 1691 4249 his
1720 4194 1871 4250 enim
1901 4194 2105 4263 tribus,
2146 4194 2358 4251 scilicet
2388 4213 2402 4250 z
2436 4197 2601 4267 Lege,
2638 4196 2776 4251 Pro-

1604 4265 1813 4337 phetiS,
1844 4270 1900 4322 et
1942 4265 2203 4334 PsalmiS,
2240 4271 2419 4321 totum
2457 4268 2631 4323 Vetus
2667 4267 2773 4323 Te·

1603 4340 1950 4394 stamentum
1969 4335 2777 4409 comprehenditurferquin-
