3146 5023
893 387 979 440 DE
1036 385 1522 441 suscl‘rA'noNss
1577 384 1745 443 FILII
1801 387 2025 441 VIDUAE
2078 388 2264 442 NAIM.
2779 393 2814 447 5

348 497 553 564 agant,
590 491 939 562 accelerent,
991 492 1111 563 jam
1138 497 1464 562 resurgant.
1499 511 1529 545 »

1644 508 1812 549 causa
1838 509 2169 564 moerorum,
2220 499 2368 550 ante·
2392 494 2647 552 terribile
2676 495 2814 552 illud

360 564 518 620 Unde
574 568 631 620 et
688 562 1119 634 chrysostomus
1149 582 1167 618 .·
1226 565 1369 620 «Ne
1424 580 1532 619 an-
1644 564 1857 620 Cbristi
1905 571 2154 621 staturus
2190 565 2464 630 tribunal,
2499 570 2556 622 et
2593 581 2816 624 summa

357 635 579 717 diamus
644 635 742 705 qui
800 642 1038 703 stamuS,
1108 634 1207 690 sed
1277 635 1533 691 dicamus
1645 652 1773 693 cum
1807 637 2223 693 examinatione
2248 638 2530 693 rationem
2554 653 2657 708 pro
2682 654 2817 694 cun·

350 707 520 762 nobis
572 705 706 776 ipsis
741 723 773 763 2x
796 707 906 773 Qui
937 708 1228 762 existumat
1252 721 1313 762 se
1355 711 1528 770 stare,

346 776 542 833 videat
581 793 652 833 ne
694 777 896 843 cadam
932 793 1006 834 ne
1053 776 1439 848 desperemuS,
1483 777 1531 833 si

344 847 681 918 cecidimus,
713 849 814 905 sed
840 849 1098 905 dicamus
1126 848 1328 906 nobis:
1361 852 1535 908 Num-

329 919 511 990 quid,
559 924 661 991 qui
706 920 881 985 cadit,
916 936 1027 976 non
1059 924 1307 989 resumet
1334 920 1364 976 t
1398 921 1530 976 Ete-

338 992 469 1047 nim
508 992 674 1047 multi
729 990 792 1047 in
846 993 1034 1063 ipsum
1088 990 1219 1047 coeli
1255 992 1529 1048 verticem

340 1063 725 1119 ascendentes
776 1069 837 1118 et
898 1078 1127 1119 omnem
1191 1062 1529 1134 patientiam

337 1134 821 1202 demonstrantes,
862 1149 1065 1204 parum
1104 1134 1248 1205 lapsi
1273 1139 1426 1205 sunt,
1471 1143 1530 1190 et

324 1204 421 1261 ad
473 1205 660 1275 ipsum
717 1210 1003 1261 venerunt
1056 1206 1292 1262 malitiae
1356 1207 1525 1262 bara-

343 1275 569 1333 thrum.
600 1277 710 1332 Alii
738 1282 931 1332 autem
972 1292 1170 1333 rursus
1215 1278 1287 1334 ad
1322 1278 1527 1334 coelum

336 1346 482 1405 inde
511 1349 893 1404 ascenderunt
937 1353 995 1404 et
1036 1363 1070 1403 a
1096 1364 1267 1405 scena
1295 1354 1351 1404 et
1376 1364 1530 1404 scur-

327 1416 581 1487 rilitate,
622 1420 695 1475 ad
731 1419 1065 1492 Angelicam
1100 1425 1232 1476 sunt
1262 1419 1528 1476 translati

337 1488 752 1559 urbanitatem,
801 1494 860 1545 et
895 1495 1113 1545 tantam
1154 1491 1529 1547 ostenderunt

336 1559 637 1630 virtutem,
695 1567 756 1616 ut
791 1561 1081 1617 daemones
1120 1561 1435 1633 abegerint,
1467 1568 1528 1617 et

332 1630 527 1687 multa
570 1633 735 1704 signa
784 1631 897 1688 alia
937 1633 1155 1703 operati
1193 1634 1435 1702 fuerint3
1470 1638 1529 1688 et

328 1702 552 1758 horum
569 1701 796 1773 quidem
823 1704 1008 1774 plenae
1037 1708 1171 1758 sunt
1195 1704 1523 1776 Scripturae,

331 1777 400 1828 et
437 1773 609 1844 plena
640 1774 757 1830 vita
793 1774 1064 1844 exemplis
1094 1774 1276 1833 nobis.
1317 1776 1526 1843 Quem-

319 1844 654 1900 admodum
701 1846 855 1902 enim
911 1845 1119 1902 medici
1176 1846 1527 1903 difficiliores

328 1916 719 1987 aegritudines
763 1916 925 1973 libris
955 1917 1296 1989 inscribunt,
1344 1923 1405 1975 et
1429 1919 1532 1974 hu·

323 1988 441 2058 jus
488 1988 904 2044 emendationis
952 1989 1305 2061 methodum,
1339 1990 1399 2047 id
1443 1996 1529 2045 est

339 2059 676 2114 doctrinam
721 2059 949 2129 docent,
999 2064 1063 2114 ut
1112 2058 1173 2116 in
1215 2061 1528 2134 majoribus

334 2130 645 2184 exercitati
705 2129 871 2186 facile
930 2130 1157 2187 minora
1204 2137 1479 2204 superent
1505 2148 1525 2203 3

333 2200 426 2256 ita
454 2200 657 2272 utique
688 2205 748 2257 et
776 2202 922 2258 Deus
958 2216 1169 2275 magna
1203 2211 1440 2275 peccata
1467 2205 1528 2259 in

334 2271 603 2328 medium
654 2272 907 2345 adduxit,
960 2275 1149 2345 utqui
1176 2291 1350 2346 parva
1385 2276 1527 2331 deli-

330 2349 738 2414 quero-gnei·
752 2343 853 2399 illa
866 2343 1091 2400 facilem
1106 2345 1314 2404 horum
1337 2362 1528 2404 emen·

333 2412 642 2470 dationem
706 2412 1020 2473 inveniant.
1085 2417 1144 2473 Si
1201 2420 1357 2475 enim
1402 2434 1529 2475 ma·-

330 2486 473 2557 jora
529 2485 853 2543 habuerunt
899 2488 1289 2562 sanationem,
1344 2490 1527 2548 multo

336 2557 532 2629 magis
565 2561 811 2616 minora.
853 2559 1034 2631 Igitur
1071 2576 1358 2619 armemus
1402 2577 1532 2619 nos-

334 2630 621 2701 metipsos
663 2631 829 2686 bonis
862 2631 1312 2706 operationibus,
1372 2640 1429 2690 et
1478 2634 1530 2690 si

341 2699 652 2757 advenerit
672 2702 932 2784 ‘aliquod
963 2702 1281 2787 delictum,
1336 2705 1531 2788 ablua-

343 2772 1533 2925 aeassnffifflssltffiaemfffflffi

342 2914 465 2970 trun
487 2920 612 2970 vita
643 2931 658 2972 ε
694 2933 725 2969 n
801 2932 885 2973 aee
912 2917 1349 2988 chrysostomus.

422 3006 459 3058 -7
501 2986 661 3042 Uota
721 3004 905 3045 mu
965 3004 1083 3045 rme
1142 3006 1377 3048 omns
1441 3003 1536 3046 ns-

344 3071 586 3114 rmm.
609 3085 683 3101 -
713 3059 1025 3117 Considera
1050 3061 1144 3117 hie
1193 3063 1424 3117 viduam
1463 3062 1535 3117 de

346 3133 539 3186 not-te
564 3127 670 3184 filii
695 3129 950 3203 flentem,
973 3137 1030 3188 et
1055 3132 1138 3189 ita
1158 3138 1243 3202 tu,
1269 3133 1536 3189 omnibus

348 3200 704 3272 postpositiS,
729 3203 803 3258 de
827 3209 1012 3259 morte
1030 3201 1241 3260 animae
1268 3211 1379 3260 tuae
1404 3205 1536 3276 luge

350 3277 415 3327 et
467 3272 807 3345 hcnmare,
865 3280 929 3329 ut
975 3277 1253 3331 merearis
1296 3276 1370 3331 ab
1415 3276 1540 3347 ipsa

351 3346 543 3399 morte
567 3344 776 3399 animae
810 3360 913 3415 per
942 3350 1159 3402 tactum
1188 3346 1398 3403 divinae
1428 3348 1537 3402 mi-

349 3415 660 3471 serationis
706 3417 1053 3473 resuscitari.
1092 3418 1327 3474 Abstine
1352 3433 1388 3474 a
1422 3419 1539 3474 risu

350 3485 740 3556 etcacbinno,
766 3489 1027 3561 cogitans
1053 3489 1190 3560 quia
1218 3489 1290 3545 de
1320 3491 1541 3545 cunctis

345 3556 582 3612 actibus
630 3558 743 3613 tuis
793 3560 1125 3616 redditurus
1158 3574 1220 3616 es
1255 3562 1538 3618 rationem

354 3628 420 3683 in
460 3629 472 3639 ’
519 3627 691 3685 dicio.
735 3630 894 3686 Unde
938 3631 1021 3686 ait
1061 3631 1483 3702 chysostomus
1518 3651 1538 3688 ε

352 3715 393 3751 «t
479 3699 582 3754 ihil
619 3701 829 3773 quippe
867 3702 949 3757 ita
986 3704 1346 3775 conglutinat
1400 3706 1540 3776 Deo,

356 3773 423 3825 ut
480 3769 757 3844 lacrymae
820 3771 958 3843 illae,
1008 3788 1150 3854 quas
1202 3779 1261 3831 et
1322 3778 1544 3847 peccati

352 3840 616 3923 dolon-‘et
652 3857 819 3899 arnor
845 3846 1073 3901 virtutis
1117 3844 1378 3918 effundit,
1424 3849 1544 3903 sive

358 3925 597 3984 propria
648 3921 883 3984 peecata
946 3915 1078 3989 quis
1102 3960 1118 3986 ,
1189 3916 1309 3974 sive
1369 3919 1544 3975 etiam

357 3985 712 4041 lamentetur
764 3987 973 4045 aliena.
1025 3981 1197 4061 Cujus
1243 3988 1399 4046 enim
1458 3990 1546 4070 rei

346 4056 547 4126 gratia
579 4058 641 4113 in
678 4059 1027 4116 cachinnum
1061 4059 1268 4117 laxaris
1311 4075 1378 4116 ac
1437 4059 1544 4117 dtr·

351 4126 492 4184 nn·
514 4126 616 4201 quii
647 4134 945 4188 tantorum
995 4139 1197 4205 sponte
1249 4131 1455 4207 nctus·
1483 4145 1546 4189 es

1641 706 1746 763 ctis
1774 709 1996 765 actibus
2022 708 2351 764 redditurus
2373 708 2403 764 t
2427 727 2457 763 n
2496 710 2618 766 baec
2643 710 2817 782 Chry·

1639 784 1932 836 sodomus.
1975 779 2153 837 Valde
2198 785 2392 837 autem
2433 780 2816 851 periculosum

1642 857 1746 919 est,
1775 851 1929 922 quod
1968 857 2233 922 peccator
2270 852 2329 906 in
2372 852 2640 908 sordibus
2683 867 2815 923 pec·

1639 926 1920 991 catorum,
1968 927 2029 978 et
2065 923 2124 979 in
2169 928 2354 979 morte
2390 923 2600 980 animae
2636 924 2814 995 jacet,

1640 1008 1758 1049 non
1787 1009 1995 1052 curans
2030 1010 2094 1051 se
2126 1009 2229 1065 per
2256 993 2650 1065 poenitentiam
2677 1010 2813 1066 pur-

1713 1081 1778 1121 re
1824 1071 1882 1121 et
1922 1081 2245 1138 resurgere.
2301 1064 2363 1123 Si
2402 1066 2559 1122 enim
2604 1065 2816 1138 ling-'⁸

1679 1137 1937 1194 ominum
1987 1136 2306 1209 loquereris
2334 1142 2392 1193 et
2440 1138 2814 1210 Angelos-un,

1638 1215 1699 1264 et
1719 1207 1768 1264 si
1786 1215 1891 1278 tot,
1909 1225 2010 1280 per
2032 1215 2189 1265 tuam
2217 1208 2250 1264 d
2384 1208 2394 1218 '
2584 1224 2818 1265 conver-

1639 1283 1794 1335 teres
1822 1281 2081 1336 homines
2114 1285 2254 1361 quot
2295 1278 2526 1335 fuerunt
2554 1280 2819 1336 homines

1640 1350 1712 1405 ab
1743 1348 1905 1406 initio
1947 1351 2167 1421 mundi,
2192 1350 2282 1406 vel
2310 1356 2448 1421 quot
2474 1357 2609 1405 sunt
2635 1350 2814 1407 stellae

1641 1420 1801 1489 eoeli3
1863 1426 1921 1477 et
1972 1422 2214 1492 teipsum
2264 1436 2367 1491 per
2423 1422 2816 1491 poenitentiam

1637 1507 1754 1547 non
1795 1490 2178 1562 mundaveris,
2230 1490 2412 1547 factus
2453 1508 2537 1562 eS‚
2573 1493 2815 1550 docente

1633 1562 1927 1635 ApostoIO,
1945 1562 2101 1620 velut
2123 1578 2200 1618 aes
2228 1577 2437 1618 sonans
2463 1569 2562 1619 aut
2592 1564 2818 1633 cymba-

1637 1634 1754 1690 lum
1783 1634 2066 1704 tinniens3
2105 1648 2382 1704 campana
2420 1634 2573 1690 enim
2600 1636 2674 1690 ad
2703 1634 2814 1691 uti-

1634 1706 1855 1763 litatem
1891 1707 2188 1764 hominum
2225 1706 2498 1772 serviens,
2539 1704 2814 1776 pulsando

1635 1778 1878 1850 seipsam
1904 1777 2202 1834 consumit.
2229 1776 2318 1845 Et,
2336 1777 2383 1832 si
2408 1775 2680 1834 habueris
2699 1790 2817 1833 om-

1634 1866 1768 1906 nem
1796 1849 2116 1918 scientiam,
2146 1855 2204 1905 et
2233 1848 2280 1903 si
2308 1864 2409 1920 per
2436 1855 2594 1904 tuam
2630 1849 2814 1905 scien·

1635 1923 1883 1990 tiam,'et
1912 1923 2026 1977 tuis
2050 1919 2312 1976 discretis
2338 1920 2590 1976 consiliis
2619 1934 2817 1976 omnes

1635 2008 1803 2064 reges
1833 1991 2028 2049 mundi
2056 1991 2144 2047 vel
2181 1989 2487 2062 principes,
2519 1991 2633 2047 imo
2661 1997 2816 2047 totus

1638 2064 1886 2120 mundus
1911 2062 2146 2134 pacifice
2176 2063 2558 2133 dirigerentur
2566 2079 2587 2131 3
2621 2068 2679 2118 et
2708 2062 2815 2118 tei·

1637 2149 1924 2277 ffififfffg
1963 2206 2097 2263 cies.
2119 2205 2209 2274 Et,
2231 2204 2281 2259 si
2302 2203 2571 2260 habueris
2586 2216 2818 2260 omnem

1637 2277 1835 2349 fldem,
1887 2278 1968 2333 ita
2024 2274 2180 2348 quod
2250 2275 2446 2331 trahas
2503 2273 2578 2332 ad
2641 2274 2818 2331 fidem

1636 2363 1837 2405 omnes
1862 2347 2108 2417 Judaeos,
2126 2344 2426 2404 haereticos
2448 2352 2508 2404 et
2531 2359 2812 2420 paganos·

1637 2427 1697 2476 et
1723 2422 1771 2477 si
1800 2422 1860 2476 in
1889 2424 2123 2491 peccato
2152 2419 2382 2475 mortali
2416 2434 2497 2489 eS‚
2528 2418 2672 2474 nihil
2710 2388 2819 2475 tibi

1676 2493 1895 2550 roderit
1951 2492 2023 2549 ad
2069 2488 2202 2548 vitae
2249 2494 2481 2548 aeternae
2534 2492 2807 2550 salutem.

1662 2571 1804 2635 tem,
1844 2566 1892 2622 si
1952 2563 2109 2621 mille
2160 2562 2411 2619 claustra
2461 2562 2694 2631 faceres,
2759 2565 2819 2618 et

1635 2637 1793 2693 mille
1836 2636 2142 2719 hospitalia
2168 2648 2343 2690 manu
2369 2632 2606 2705 propria
2631 2630 2816 2690 aedifi-

1637 2723 1821 2777 cares,
1853 2715 1911 2765 et
1937 2723 1999 2764 ιιι
2038 2707 2151 2763 illis
2199 2720 2399 2762 omnes
2437 2706 2634 2761 mundi
2673 2717 2818 2777 pau-

1637 2794 1800 2861 peres
1829 2780 1997 2836 bonis
2032 2780 2146 2834 tuis
2213 2791 2442 2858 ‘ascet-es
2479 2793 2496 2847 ;
2540 2774 2818 2859 quamdiu

1640 2866 1701 2905 in
1726 2857 1958 2920 peccato
1985 2864 2080 2906 mo
2199 2850 2216 2903 i
2253 2847 2528 2919 persistis,
2566 2863 2629 2902 ιιι
2671 2851 2822 2900 statu

1640 2921 2046 2977 salvandorum
2079 2933 2198 2973 non
2223 2933 2308 2973 es.
2339 2919 2503 2985 Item,
2527 2918 2579 2971 si
2617 2927 2822 2984 corpus

1642 2997 1808 3047 tuum
1854 2992 1927 3046 ad
1965 2988 2338 3045 cremandum
2394 2985 2560 3041 dares
2597 2991 2659 3040 ut
2687 2986 2825 3040 Lau-

1641 3062 1882 3131 rentius,
1913 3060 1989 3115 ad
2034 3055 2443 3113 excoriandum
2474 3061 2539 3114 ut
2580 3055 2825 3113 Bartho-

1643 3136 1905 3203 lomaeus,
1933 3131 1982 3187 si
2004 3125 2424 3201 crucifigereris
2453 3133 2522 3184 ut
2543 3126 2821 3209 Christug

1647 3212 1707 3264 et
1733 3205 1815 3261 sic
1842 3217 1972 3260 cum
1996 3198 2167 3259 unico
2191 3206 2425 3272 peccato
2445 3200 2677 3258 mortali
2705 3211 2826 3255 mo-

1645 3277 1877 3346 rereriS,
1894 3287 2208 3346 numquam
2231 3272 2551 3330 salvareris.
2581 3274 2748 3341 ltem,
2773 3269 2823 3328 si

1649 3348 1807 3406 mille
1858 3348 2042 3404 millia
2091 3344 2394 3402 missarum
2437 3360 2541 3417 pro
2581 3350 2636 3401 te
2675 3342 2824 3399 dice·

1647 3425 1872 3490 rentur,
1898 3419 1947 3476 si
1976 3431 2176 3476 omnes
2200 3418 2398 3475 Sancti
2427 3418 2487 3473 in
2511 3416 2659 3478 coelo
2688 3427 2823 3472 cum

1651 3492 1921 3548 omnibus
1941 3493 2028 3547 An
2070 3490 2175 3545 elis
2193 3489 2466 3559 prostrati
2482 3497 2616 3545 ante
2643 3489 2826 3543 Deum

1647 3563 1988 3636 sanguineas
2028 3506 2336 3617 funderent
2384 3560 2687 3632 lacrymas,
2739 3569 2827 3613 us-

1650 3651 1761 3707 que
1796 3635 1858 3690 in
1885 3633 2035 3690 diem
2059 3631 2432 3712 novissimum
2464 3636 2692 3709 orantes
2721 3640 2827 3754 gro

1650 3713 1733 3776 τοι
1761 3720 1879 3762 non
1908 3706 2207 3762 flecterent
2244 3702 2696 3758 misericordiam
2773 3710 2831 3779 ‚⁶²

1650 3779 1725 3835 ad
1769 3777 2156 3832 miserendum
2194 3773 2300 3842 tui,
2338 3769 2387 3827 si
2427 3769 2733 3826 decederes
2770 3779 2833 3850 in

1651 3851 1889 3920 peccato
1924 3844 2202 3901 mortalit
2256 3847 2316 3897 et
2360 3841 2490 3897 ideo
2583 3845 2832 3896 eccaton

1653 3923 1717 3975 in
1760 3923 1946 3973 morte
1986 3912 2197 3970 animae
2237 3913 2470 3984 jacente
2506 3926 2541 3983 p
2568 3926 2631 3967 us
2677 3910 2832 3992 vale·

1655 3994 1745 4045 ret
1768 4002 1884 4042 una
1910 3985 2193 4042 confessio
2220 3983 2396 4055 bona,
2434 3997 2608 4054 quam
2642 3995 2838 4042 omma

1657 4058 1939 4116 beneficia
1986 4055 2260 4128 praedicta
2309 4068 2417 4129 per
2475 4068 2607 4112 eum
2661 4053 2832 4129 iacta,

1655 4129 1748 4187 vel
1766 4127 1876 4187 sibi
1911 4129 2192 4202 impensa.

2034 2133 2336 2191 nitentiam
2351 2148 2467 2188 non
2480 2133 2814 2204 correxerim
