3146 5023
867 430 951 485 ns
1005 432 1369 488 PATIEN'HA
1418 437 1489 490 nt
1540 435 1906 497 Anvnnsls:
1938 416 2276 496 ameum.
2753 432 2814 503 si

338 543 558 599 luntate
585 544 784 596 tamen
816 538 1052 608 aequalis
1086 545 1190 595 est.
1209 541 1349 596 Nam
1377 542 1526 598 sicut

338 614 448 669 iste
473 611 602 667 ideo
626 626 827 682 passus
859 615 961 675 est,
995 625 1066 664 ne
1115 624 1175 665 se
1215 614 1395 683 magis
1439 613 1525 669 vi-

337 685 546 741 deatur
581 698 801 751 amare,
856 697 1027 751 quarn
1079 683 1286 751 Deum3
1339 685 1416 740 ita
1469 691 1528 741 et

333 755 435 811 ille
464 754 599 810 ideo
624 753 790 825 fugit.
826 768 899 806 ne
931 751 1112 807 victus
1142 753 1201 808 in
1233 753 1527 813 doloribus

329 826 670 882 thesaurum
772 822 1213 880 Christianitatis
1282 827 1524 884 amittat.

329 898 458 955 Hoc
487 903 683 953 autem
709 896 968 963 mandat,
998 911 1113 950 non
1146 900 1206 950 ut
1236 898 1333 969 qui
1363 905 1529 972 stete7

327 970 436 1040 rit,
475 971 706 1041 peccet:
747 967 843 1021 sed
879 972 943 1021 ut
1003 967 1097 1036 qui
1130 966 1359 1038 fugerit,
1412 986 1527 1025 non

322 1045 554 1114 peccet.
594 1037 919 1093 Infirmitati
952 1037 1218 1093 humanae
1261 1042 1526 1110 consulit,

322 1128 453 1170 non
476 1109 616 1167 fldei
649 1109 1014 1179 promptioris
1037 1110 1306 1167 virtutem
1332 1112 1523 1168 exclu-

323 1185 438 1240 dit.
470 1182 727 1239 Dicimus
758 1184 949 1235 autem
976 1180 1049 1234 ad
1079 1183 1524 1238 consolationem

320 1254 679 1328 fngientium
729 1252 1218 1315 Christianorum:
1254 1255 1525 1324 quoniam

322 1334 488 1384 stare
519 1325 751 1396 quidem
783 1323 946 1377 fortis
971 1322 1103 1377 fidei
1137 1331 1224 1380 est
1253 1342 1269 1393 ;
1302 1341 1392 1380 ma
1437 1341 1526 1382 nae

322 1403 530 1455 autem
578 1394 934 1450 humilitatis,
997 1392 1191 1464 sugere
1247 1418 1261 1452 ε
1322 1415 1351 1448 ))
1443 1414 1525 1453 aec

325 1470 775 1537 chrysostomus.
844 1465 1004 1520 Unde
1061 1472 1117 1521 et
1171 1469 1456 1536 Remiqius
1503 1491 1517 1525 ε

330 1563 358 1593 ι
402 1539 563 1596 Sicut
612 1543 960 1608 praeceptum
1020 1540 1415 1604 perseverandi
1463 1540 1520 1594 in

319 1609 826 1684 persecutionibus
875 1605 1196 1677 specialiter
1244 1611 1314 1665 ad
1364 1610 1520 1680 Apo-

315 1683 506 1740 stolos
540 1682 807 1752 pertinet,
846 1684 904 1735 et
936 1680 1010 1734 ad
1058 1696 1255 1736 eorum
1304 1697 1520 1736 succes·

315 1770 490 1811 sores
513 1754 666 1807 viros
694 1752 899 1818 fortes3
934 1750 1016 1805 sic
1044 1750 1273 1806 licentia
1301 1752 1519 1823 fugien-

317 1826 381 1881 di
451 1824 593 1881 satis
630 1823 897 1878 convenit
952 1821 1194 1877 infirmis
1259 1823 1318 1878 in
1378 1823 1510 1881 fide.

315 1896 581 1955 Cuilibet
620 1894 1028 1949 condescendit
1056 1895 1187 1963 pius
1226 1896 1312 1949 Ma
1359 1895 1512 1964 ister,

311 1984 397 2025 ne
437 1967 487 2022 si
518 1981 580 2021 se
610 1966 761 2020 ultro
795 1965 868 2019 ad
910 1965 1245 2035 martyrium
1282 1911 1515 2021 obtulis-

308 2042 476 2107 sent,
504 2036 765 2092 fortassis
799 2036 964 2105 positi
991 2035 1050 2090 in
1080 2037 1381 2091 tormentis
1407 2053 1515 2092 ne-

308 2113 565 2183 garent3
596 2107 776 2163 multo
808 2107 960 2161 enim
997 2105 1172 2163 levius
1202 2115 1326 2163 erat
1358 2107 1515 2179 fuge-

308 2198 384 2238 re
420 2195 595 2251 quam
620 2177 982 2249 negare.Sed
1014 2180 1269 2247 quamvis
1294 2179 1515 2249 fugien-

308 2253 397 2309 do
431 2251 703 2322 perfectae
753 2248 886 2304 fidei
930 2250 1305 2305 constantiam
1348 2252 1405 2305 in
1453 2267 1513 2306 se

305 2338 442 2381 non
476 2322 871 2390 ostenderent,
895 2325 1084 2375 tamen
1110 2322 1292 2392 magis
1321 2321 1515 2376 meriti

308 2398 513 2462 erant,
568 2390 842 2464 quoniam
887 2391 1079 2446 omnia
1133 2408 1234 2461 pro
1288 2392 1512 2448 Christo

306 2465 516 2539 parati
546 2469 712 2521 erant
764 2464 1024 2519 deserere
1071 2462 1360 2533 fugiendO.
1394 2464 1512 2528 Nisi

304 2542 518 2595 autem
544 2536 658 2591 illis
681 2536 970 2590 licentiam
1021 2533 1274 2606 fugiendi
1322 2536 1510 2591 dedis-

301 2613 429 2678 set,
462 2608 726 2664 dicerent
755 2623 853 2661 eos
892 2605 1068 2677 aliqui
1118 2605 1335 2661 alienos
1391 2622 1511 2662 esse

304 2697 349 2737 a
384 2679 576 2751 gloria
604 2678 766 2750 regni
797 2677 1038 2732 coelestis
1071 2698 1084 2734 t
1125 2695 1153 2730 »
1180 2678 1304 2733 haec
1332 2680 1513 2734 Remi-

309 2754 474 2822 qius.
503 2749 613 2806 Ubi
647 2749 949 2804 sciendum
997 2749 1149 2818 quod
1189 2750 1510 2820 persecutio

308 2820 635 2892 aliquando
688 2825 772 2875 est
820 2820 1154 2891 personaliS,
1189 2826 1252 2875 ut
1281 2822 1509 2890 quando

359 2894 454 2950 uis
484 2890 767 2963 quaeritur
819 2892 890 2946 ad
931 2899 1195 2961 mortem,
1229 2907 1341 2946 non
1375 2891 1509 2963 quia

309 2911 511 3023 adens
547 2966 636 3019 est
679 2963 1089 3033 principaliter,
1128 2963 1226 3018 sed
1277 2969 1510 3033 propter

312 3035 522 3093 odium
546 3049 807 3105 personae
840 3034 1262 3101 determinatae3
1285 3041 1340 3088 et
1370 3040 1507 3089 tunc

314 3113 409 3164 est
444 3119 673 3175 semper
714 3105 1069 3175 faciendum,
1102 3106 1247 3159 sicut
1294 3105 1505 3161 Paulus

313 3177 694 3249 quaerebatur
730 3148 810 3231 ad2
837 3182 1078 3231 mortem
1111 3177 1169 3232 in
1203 3177 1500 3232 Damasco.

316 3249 487 3317 Quod
516 3253 674 3318 patet
709 3263 775 3302 ex
808 3248 939 3316 hoc,
971 3248 1104 3319 quia
1156 3248 1257 3303 alii
1307 3247 1504 3304 fideles

314 3318 808 3394 permittebantur
835 3319 912 3373 ibi
951 3318 1184 3388 pacifice
1219 3319 1502 3389 habitare,

315 3390 424 3448 sed
454 3391 796 3462 quaerebant
826 3389 1010 3445 solum
1037 3390 1275 3445 Paulum
1325 3391 1503 3446 inter-

318 3462 524 3519 ficere.
580 3462 712 3516 Ideo
745 3462 1007 3517 dimissus
1038 3478 1071 3516 a
1101 3462 1372 3516 fratribus
1401 3476 1506 3532 per

319 3547 583 3601 murum,
636 3533 780 3604 fugit
831 3532 1280 3603 persecutionem
1313 3548 1506 3602 perso-

320 3606 551 3671 nalem3
594 3618 708 3658 non
740 3605 993 3660 timendo
1030 3604 1503 3675 persecutionem,

324 3676 432 3732 sed
490 3673 677 3745 potins
759 3675 1121 3745 declinand0,
1190 3679 1252 3730 ut
1315 3676 1507 3730 multis

325 3746 647 3820 prodesset.
693 3747 888 3816 Itaque
937 3762 1049 3801 non
1110 3752 1192 3802 est
1241 3746 1505 3816 imperse-

330 3816 539 3875 ctionis
599 3817 818 3889 fugere,
856 3818 1167 3873 secundum
1226 3817 1509 3873 dictamen

327 3894 506 3946 rectae
534 3889 796 3959 ratisnis,
836 3889 910 3944 ad
937 3895 1162 3958 tempus
1206 3889 1506 3959 salubriuS,

331 3964 403 4017 ut
426 3959 677 4015 salvetur
707 3960 936 4016 suffiens
984 3961 1056 4015 ad
1105 3960 1350 4031 majores
1396 3961 1509 4015 fru-

333 4038 480 4088 ctus.
506 4002 836 4100 Aliquando
893 4039 1084 4086 autem
1151 4047 1265 4086 non
1325 4032 1508 4088 solum

333 4107 424 4158 est
454 4105 782 4174 persecutio
827 4118 1114 4173 personae3
1176 4103 1275 4158 sed
1334 4104 1510 4159 etiam

327 4172 471 4229 fidei
527 4179 587 4228 et
635 4175 910 4244 justitiae;
966 4181 1022 4229 et
1071 4180 1208 4229 tunc
1245 4174 1293 4229 si
1336 4175 1509 4230 homo

324 4243 611 4315 percipiat
645 4247 1016 4315 probabiliter
1063 4246 1214 4316 quod
1265 4262 1332 4301 ex
1376 4245 1511 4316 suga

324 4329 431 4395 sua
467 4323 744 4398 sequatur
769 4319 977 4372 derisio
1009 4317 1143 4372 fidei
1192 4321 1249 4372 et
1279 4319 1510 4386 depres-

324 4400 409 4441 slo
429 4387 691 4460 jusutiae,
724 4388 859 4460 fuga
881 4395 973 4444 est
1016 4389 1187 4459 mala,
1218 4394 1275 4444 et
1304 4403 1509 4459 pecca-

1632 548 1757 599 tum
1788 545 2030 600 mortale
2061 562 2079 614 ;
2103 544 2151 601 si
2180 550 2374 604 autem
2400 562 2515 604 non
2542 558 2814 621 appareat

1636 615 1745 671 boc
1775 616 2163 686 probabiliter,
2198 620 2296 674 sed
2353 619 2533 691 magis
2582 614 2842 679 contra-'

1636 687 1807 769 rium,
1839 692 2054 769 utpote.
2084 690 2222 760 quia
2249 707 2313 744 ex
2341 690 2476 761 iuga
2501 693 2604 751 tali
2630 700 2815 764 potest

1635 757 1772 813 alibi
1798 758 1920 813 fieri
1968 760 2181 815 utilitas
2225 762 2508 833 Ecclesiae,
2541 781 2608 820 ex
2648 780 2813 821 man-

1636 829 1799 909 sione
1825 837 2015 886 autem
2049 847 2164 887 non
2193 833 2453 901 habetur,
2488 835 2596 891 nisi
2651 836 2813 892 occi-

1637 915 1720 955 sio
1754 899 2143 958 ministrorum
2180 905 2460 971 Ecclesiae,
2492 914 2548 962 ct
2575 907 2810 963 concul-

1638 972 1784 1027 catio
1814 973 2183 1031 articulorum
2227 976 2358 1031 fidei
2403 978 2475 1033 ab
2509 977 2808 1037 obstinatis

1635 1040 1982 1111 infidelibus,
2036 1051 2171 1100 tunc
2235 1054 2321 1103 est
2368 1047 2700 1119 fugiendum
2749 1056 2809 1107 et

1636 1114 1770 1169 alibi
1820 1117 2230 1185 proficiendum
2267 1135 2281 1172 ε
2334 1121 2430 1188 qui
2485 1122 2639 1176 enim
2690 1136 2809 1178 non

1635 1191 1818 1255 potest
1844 1187 1902 1242 in
1934 1203 2047 1243 uno
2079 1188 2200 1243 loco
2265 1189 2522 1260 roficere,
2550 1192 2718 1247 debet
2738 1192 2813 1249 ad

1633 1255 1808 1312 alium
1836 1260 2099 1314 transire.
2124 1260 2207 1314 Un
2252 1276 2281 1314 e
2315 1259 2393 1315 sic
2428 1260 2508 1315 ait
2538 1263 2814 1330 Anqusti-

1632 1343 1737 1381 nus
1764 1345 1778 1383 :
1813 1347 1842 1379 (ι
1868 1331 2101 1384 Faciant
2123 1346 2258 1400 ergo
2273 1332 2418 1385 servi
2439 1332 2642 1387 Christi
2663 1333 2814 1404 quod

1634 1401 1906 1467 praecepit
1949 1401 2036 1454 vel
2079 1400 2360 1469 permisit,
2392 1403 2535 1456 sicut
2576 1404 2693 1472 ipse
2723 1403 2814 1459 su-

1632 1469 1715 1550 git
1753 1470 1810 1524 in
1840 1472 2162 1541 AEgyptum.
2204 1472 2447 1543 Fugiant
2477 1474 2709 1530 omnino
2739 1475 2812 1532 de

1633 1541 1860 1596 civitate
1909 1544 1964 1596 in
1997 1542 2303 1605 civitatem,
2348 1546 2574 1612 quando
2611 1560 2812 1602 eorum
2912 1571 2919 1580 ·

1630 1611 1929 1681 quisquam
1957 1611 2277 1683 specialiter
2301 1630 2332 1668 a
2355 1615 2811 1683 persecutoribus

1629 1684 1935 1753 quaeritur;
1999 1689 2062 1739 ut
2109 1684 2180 1739 ab
2231 1685 2378 1753 aliis,
2431 1686 2526 1755 qui
2571 1701 2681 1740 non
2728 1685 2812 1744 ita

1628 1763 1982 1824 quaeruntur,
2026 1771 2141 1810 non
2186 1756 2482 1811 deseratur
2535 1755 2806 1828 Ecclesia,

1625 1826 1724 1881 sed
1756 1827 2048 1894 praebeant
2076 1826 2289 1882 cibaria
2322 1830 2624 1897 conservis,
2659 1844 2805 1900 quos

1625 1898 1793 1953 aliter
1846 1899 2035 1953 vivere
2101 1914 2215 1953 non
2271 1916 2459 1969 posse,
2516 1901 2804 1958 noverint.

1626 1968 1768 2025 Cum
1821 1976 2011 2024 autem
2044 1969 2321 2039 omnium,
2357 1971 2411 2025 id
2459 1979 2544 2026 est
2576 1972 2802 2042 Episco-

1625 2054 1849 2109 porum,
1898 2040 2240 2095 clericorum
2294 2047 2353 2096 et
2400 2042 2674 2097 laicorum
2718 2047 2805 2098 est

1625 2125 1930 2165 commune
1964 2112 2300 2179 periculum,
2334 2112 2392 2165 hi
2425 2113 2522 2182 qui
2555 2111 2682 2167 aliis
2714 2113 2804 2166 in-

1629 2181 1977 2252 digent,non
2006 2181 2343 2236 deserantur
2358 2183 2429 2237 ab
2453 2181 2576 2236 aliis
2597 2183 2804 2252 quibus

1625 2250 1906 2319 indigent.
1954 2253 2068 2308 Aut
2115 2251 2289 2323 igitur
2319 2253 2391 2307 ad
2431 2253 2557 2307 loca
2589 2254 2806 2311 munita

1625 2339 1823 2378 omnes
1855 2330 2178 2379 transeant:
2211 2328 2310 2378 aut
2340 2323 2435 2395 qui
2467 2324 2681 2380 habent
2708 2340 2804 2381 ne·

1627 2396 1946 2450 cessitatem
1971 2396 2325 2455 remanendi.
2347 2412 2458 2451 non
2483 2395 2806 2468 relinquan-

1621 2471 1718 2522 tur
1746 2466 1817 2522 ab
1849 2468 1947 2535 eiS,
1974 2483 2075 2538 per
2108 2482 2248 2537 quos
2278 2467 2503 2524 illorum
2533 2468 2804 2526 Ecclesia-

1620 2538 1763 2593 stica
1792 2540 2109 2610 supplenda
2138 2543 2224 2594 est
2248 2541 2547 2594 necessitas
2580 2557 2594 2594 ε
2620 2545 2683 2595 ut
2709 2541 2801 2596 vel

1621 2608 1838 2680 pariter
1889 2611 2102 2678 vivant,
2137 2609 2226 2663 vel
2257 2609 2473 2681 pariter
2521 2610 2799 2666 sufferant

1621 2679 1773 2751 quod
1805 2696 1899 2736 eos
1928 2681 2334 2750 paterfamilias
2380 2681 2532 2736 volet
2564 2682 2680 2751 pati
2711 2698 2726 2737 :
2760 2695 2792 2735 it

1619 2751 1743 2807 haec
1775 2752 2145 2821 Auqustinus.
2201 2752 2309 2807 Sed
2350 2769 2421 2807 ne
2473 2752 2731 2808 dicerent
2783 2768 2797 2809 :

1618 2821 1836 2878 Jussisti
1902 2839 1973 2878 ne
2002 2824 2074 2877 ad
2128 2823 2336 2878 Gentes
2365 2824 2598 2887 iremuS,
2655 2822 2794 2892 quid

1619 2908 1758 2963 ergo
1784 2892 2081 2959 faciemuS,
2111 2894 2155 2945 si
2187 2908 2386 2948 omnes
2416 2891 2672 2946 civitates
2701 2893 2798 2948 Ju-

1620 2962 1760 3017 daeae
1814 2961 2286 3032 circumierimuS,
2340 2968 2397 3016 et
2446 2977 2552 3014 nos
2582 2961 2801 3031 abjece-

1618 3034 1785 3088 rint?
1838 3036 1954 3087 Hoc
1989 3032 2285 3101 praevenit‚
2341 3033 2496 3086 hunc
2531 3032 2802 3089 timorem

1617 3104 1986 3171 removend0,
2014 3101 2206 3157 dicens
2238 3124 2252 3159 ι
2284 3103 2463 3158 Amen
2479 3101 2602 3158 dico
2615 3104 2795 3174 vobis,

1615 3191 1727 3231 non
1778 3174 2229 3231 consummabitis
2285 3176 2539 3230 civitates
2597 3175 2796 3246 Israel,

1618 3247 1984 3317 praedicando
2014 3244 2230 3301 scilicet
2258 3246 2337 3302 ibi
2367 3248 2677 3302 adventum
2705 3249 2797 3305 vel

1617 3318 1790 3375 fidem
1821 3317 2050 3384 Christi,
2083 3318 2250 3374 donec
2275 3321 2464 3374 veniat
2495 3321 2676 3376 Filius
2708 3321 2800 3377 ho·

1616 3392 1807 3460 minis,
1838 3391 2186 3461 resurgendo
2225 3392 2440 3447 scilicet
2470 3407 2502 3447 a
2537 3399 2800 3462 mortuis,
2905 3413 2914 3418 ·

1618 3463 1753 3535 quia
1793 3463 2127 3518 denuntiato
2157 3464 2405 3520 adventu
2445 3463 2675 3533 Christi,
2721 3464 2793 3520 ab

1617 3534 1900 3605 Apostolis
1935 3551 2036 3605 per
2062 3535 2320 3591 civitates
2341 3536 2573 3600 Judaeae,
2597 3537 2794 3590 imme·

1618 3607 1770 3662 diate
1797 3622 1994 3676 passus
2028 3611 2112 3662 est
2149 3606 2403 3661 Christus
2453 3613 2509 3668 et
2553 3621 2588 3660 a
2637 3619 2797 3658 mor-

1617 3678 1726 3734 tuis
1777 3692 2125 3749 resurgenS‚
2175 3677 2440 3747 apparuit
2489 3673 2794 3745 discipuliS.

1619 3749 1777 3805 Unde
1811 3748 2074 3804 Rabanus
2106 3769 2119 3802 ε
2155 3766 2176 3795 ι
2214 3747 2478 3801 Praedicit
2505 3745 2656 3814 quod
2681 3759 2797 3800 non

1619 3826 1755 3875 ante
1799 3817 2300 3887 praedicationibus
2350 3815 2463 3870 suis
2501 3815 2572 3869 ad
2621 3813 2795 3871 fidem

1620 3888 2000 3959 perducerent
2065 3887 2324 3950 civitates
2389 3885 2583 3953 lsrael,
2638 3885 2793 3955 quod

1619 3958 1961 4015 resurrectio
1992 3955 2219 4012 Domini
2249 3956 2420 4020 fuerit
2449 3959 2794 4037 perpetrata,

1620 4036 1678 4086 et
1728 4034 1849 4083 toto
1901 4027 2040 4083 orbe
2098 4029 2381 4082 terrarum
2446 4027 2795 4097 praedicandl

1619 4098 1988 4170 Evangelium
2022 4102 2269 4167 potestas
2300 4113 2584 4153 concessa.
2613 4117 2640 4149 »
2675 4098 2766 4155 Vel

1619 4172 1669 4228 si
1694 4169 2043 4241 intelligatur
2088 4170 2157 4223 de
2194 4171 2441 4225 adventu
2480 4169 2686 4226 Christi
2720 4139 2795 4227 ad

1614 4240 1913 4316 judicium,
1953 4247 2088 4297 tunc
2126 4239 2497 4312 intelligenda
2536 4248 2622 4298 est
2659 4258 2794 4300 con·

1620 4313 1922 4371 summatio
1946 4311 2368 4385 praedicationis
2393 4314 2793 4386 Apostolorum

1618 4403 1723 4461 per
1763 4391 1945 4444 totum
1984 4387 2203 4456 orbem,
2245 4391 2519 4458 quantum
2558 4388 2632 4444 ad
2666 4403 2796 4444 con-
