3146 5023
1100 395 1180 448 DE
1234 395 1419 450 FILIO
1474 397 1727 451 REGULI
1780 398 2064 452 SANATO.
2723 397 2812 451 135

351 502 527 570 beriS‚
550 516 654 557 nec
684 498 846 557 dabis
875 498 978 556 tibi
1008 498 1253 571 impetus
1276 498 1519 569 liberos3

350 573 453 630 sed
496 570 920 643 circumspicies
971 587 1082 643 quo
1131 571 1380 628 eundum
1428 571 1522 642 sit,

349 645 438 701 vel
479 659 771 716 quousque
802 661 815 698 ε
851 662 880 695 »
911 644 1035 698 haec
1063 645 1281 699 Seneca.
1315 645 1377 698 In
1416 643 1525 699 hoc

350 714 522 772 etiam
564 714 716 786 quod
768 718 892 770 erat
921 713 1078 770 filius
1107 712 1328 785 Reguli,
1359 714 1526 770 datur

348 785 587 857 intelligi
626 786 778 857 quod
811 783 1077 841 nobilitas
1109 784 1334 854 generis
1373 801 1525 856 saepe

351 862 435 914 est
458 872 630 914 causa
655 856 1002 912 infirmitatis
1031 855 1361 928 spiritualis,
1389 856 1523 929 quia

352 927 572 985 nobiles
586 945 737 1001 saepe
758 928 1072 984 efferuntur
1092 926 1152 983 in
1173 927 1520 999 superbiam,

351 1015 501 1072 saepe
555 1011 822 1056 exercent
846 998 1129 1069 rapinam,
1166 1015 1317 1071 saepe
1347 999 1521 1056 etiam

349 1070 697 1143 immergunt
746 1086 806 1127 se
836 1070 895 1126 in
937 1070 1119 1126 lutum
1165 1069 1402 1127 luxuriae
1464 1074 1522 1126 et

348 1141 655 1200 lasciviam.
691 1141 1016 1199 Cavendum
1041 1156 1177 1214 ergo
1209 1141 1266 1196 in
1291 1157 1522 1213 prospe-

350 1213 514 1270 ritate
564 1214 734 1285 hujus
787 1212 1006 1281 mundi,
1047 1228 1123 1268 ne
1153 1211 1522 1284 spiritualiter

346 1283 724 1353 infirmemur,
774 1284 908 1355 quia
950 1288 1082 1339 tunc
1120 1288 1177 1340 et
1208 1283 1428 1340 facilius
1464 1289 1521 1340 et

349 1355 703 1481 frequentius
730 1371 832 1426 per
872 1358 1163 1426 peccatum
1193 1354 1305 1411 arri
1350 1354 1516 1413 imur.

351 1428 438 1482 Un
484 1443 514 1482 e
539 1428 1009 1496 ‘chrysostomum
1054 1447 1082 1477 «
1131 1427 1288 1494 Quan
1331 1442 1364 1482 o
1393 1442 1521 1499 pro-

351 1496 624 1567 speritate
652 1496 1154 1568 perfruimur,cum
1181 1496 1237 1553 in
1262 1497 1522 1569 maligni-

349 1572 469 1624 tate
491 1570 768 1637 vivamuS,
784 1572 919 1624 tunc
944 1567 1125 1639 magis
1152 1568 1321 1625 nobis
1347 1573 1433 1625 est
1456 1585 1522 1626 ac

352 1638 535 1710 magis
569 1639 899 1696 dolendum.
939 1640 1080 1695 Nam
1131 1655 1359 1712 semper
1395 1640 1522 1711 qui-

347 1709 475 1766 dem
526 1726 632 1766 nos
663 1714 887 1782 oportet
916 1715 1167 1766 metuere
1193 1716 1519 1782 peccanteS,

351 1781 591 1838 maxime
623 1788 814 1838 autem
847 1797 972 1837 cum
1001 1781 1143 1837 nihil
1191 1781 1354 1839 triste
1396 1798 1522 1854 per-

346 1852 605 1924 petimur.
628 1853 863 1922 Quando
878 1852 1032 1908 enim
1044 1855 1195 1909 Deus
1214 1869 1317 1926 per
1331 1860 1521 1926 partes

345 1924 414 1981 ab
445 1940 790 1996 unoquoque
821 1927 1080 1980 nostrum
1100 1939 1300 1996 poenas
1328 1925 1517 2010 exigit,

344 1994 612 2052 leviorem
650 1994 815 2052 nobis
844 1995 1027 2066 ipsam
1073 1994 1517 2054 animadverslo-

347 2081 478 2122 nem
518 2065 682 2135 facit3
746 2066 973 2137 quando
1029 2081 1164 2122 vero
1208 2066 1518 2138 patientius

350 2140 547 2193 nostra
591 2137 814 2194 videtur
867 2136 1227 2194 dissimulare
1284 2137 1514 2212 delicta,

344 2206 414 2264 ad
447 2207 748 2266 maximam
794 2225 897 2266 nos
938 2207 1001 2264 in
1023 2208 1250 2266 talibus
1292 2224 1514 2281 perma-

342 2283 541 2336 nentes
590 2296 817 2351 poenam
868 2285 1136 2337 reservat.
1191 2299 1220 2334 »
1272 2282 1514 2339 Sanatur

343 2353 530 2408 autem
561 2351 734 2422 filius,
772 2354 915 2408 hora
944 2351 1185 2425 septima
1212 2350 1272 2408 in
1304 2351 1511 2410 virtute

340 2422 495 2479 verbi
523 2423 625 2478 Dei
659 2442 673 2478 ι
707 2425 849 2480 hora
884 2422 1032 2480 enim
1066 2422 1307 2496 septima
1335 2424 1507 2481 decli-

343 2496 442 2550 nat
490 2495 574 2551 sol
605 2511 639 2552 a
668 2495 907 2553 meridie
945 2502 1003 2553 et
1027 2494 1208 2567 vergit
1241 2495 1314 2552 ad
1343 2513 1505 2554 occa-

341 2580 465 2622 sum
492 2583 505 2634 ;
537 2582 662 2622 cum
690 2584 826 2640 ergo
857 2568 986 2625 vitae
1010 2573 1220 2624 nostrae
1248 2567 1506 2625 videmus

337 2636 632 2719 transiisse
674 2639 993 2709 meridiem,
1024 2644 1081 2695 et
1113 2655 1218 2696 nos
1251 2638 1310 2696 in
1340 2639 1505 2697 decli-

335 2711 567 2766 natione
657 2711 854 2780 ositos,
890 2716 1113 2781 tempus
1167 2716 1275 2781 est,
1327 2716 1388 2768 ut
1445 2711 1505 2767 in

336 2779 546 2839 virtute
642 2782 807 2839 ivinae
862 2781 1283 2854 praedicationis
1337 2783 1508 2840 relin—

340 2856 480 2923 quat
528 2868 635 2908 nos
694 2852 888 2924 febris,
956 2858 1016 2911 et
1069 2853 1143 2910 ad
1200 2854 1506 2911 Dominum

336 2927 755 2981 convertamur.

410 3015 443 3065 7
473 2994 714 3050 anmtm
747 3013 809 3051 ET
841 3013 1182 3053 PECCAronuu
1231 3014 1505 3053 courm-

340 3081 451 3120 rio.
480 3094 551 3104 —
595 3065 663 3120 Et
691 3067 999 3124 notandum
1031 3069 1183 3140 quod
1206 3069 1354 3125 bene
1404 3085 1508 3141 per

341 3135 560 3217 febrem
591 3136 948 3209 significatur
988 3144 1304 3211 peccatum,
1336 3143 1395 3196 et
1421 3140 1503 3197 fe-

337 3208 612 3264 bricitans
642 3216 826 3282 potest
859 3209 971 3267 dici
998 3210 1182 3268 omnis
1220 3215 1504 3282 peccator.

338 3277 492 3336 Sicut
549 3281 702 3338 enim
748 3280 1075 3340 febricitans
1128 3297 1283 3339 nunc
1337 3283 1509 3340 habet

338 3349 603 3420 calorem,
636 3370 788 3410 nunc
829 3354 1010 3424 frigus
1062 3358 1119 3410 et
1161 3359 1501 3411 tremorem:

337 3420 429 3504 sic·
443 3425 710 3492 peccator
736 3426 910 3482 habet
943 3423 1111 3480 modo
1140 3424 1505 3497 cupiditatem

335 3497 393 3550 et
413 3496 801 3572 inordinatum
833 3511 1089 3553 amorem
1120 3496 1258 3552 boni
1294 3496 1503 3553 transi-

336 3564 489 3630 torii,
518 3571 576 3622 et
605 3569 698 3625 hic
742 3573 830 3624 est
881 3567 1038 3623 calor
1065 3567 1290 3632 animae,
1330 3569 1501 3625 modo

335 3635 509 3692 habet
555 3637 840 3707 timorem,
872 3638 970 3710 qui
1006 3645 1093 3694 est
1127 3638 1305 3710 frigus
1349 3641 1501 3712 ejus-

334 3704 465 3762 dem
506 3709 731 3767 animae.
767 3709 928 3766 Unde
960 3709 1095 3766 dicit
1129 3712 1502 3784 AuyustinuS‚

335 3782 488 3859 quod
519 3781 711 3839 omnia
735 3786 967 3854 peccata
1005 3782 1131 3839 duae
1164 3798 1257 3839 res
1289 3781 1504 3838 faciunt

334 3865 394 3905 1n
417 3851 674 3923 homine,
711 3852 928 3910 scilicet
963 3871 977 3911 ε
1006 3854 1179 3910 timor
1207 3858 1264 3909 et
1292 3852 1504 3926 cupidi-

334 3925 440 3978 taS.
485 3922 679 3979 Timor
723 3925 859 3981 facit
907 3926 1106 3999 fugare
1153 3924 1346 3981 omnia
1374 3940 1503 3996 quae

330 3998 466 4076 sunt
490 3994 647 4053 carni
667 3996 936 4066 molesta3
959 3995 1240 4074 cupiditas
1258 4011 1393 4053 vero
1420 3996 1502 4052 sa-

330 4070 406 4122 c1t
450 4072 718 4141 appetere
761 4069 956 4127 omnia
999 4081 1123 4141 quae
1166 4071 1299 4125 sunt
1345 4065 1504 4124 carni

327 4137 566 4194 suavia.‘'
584 4140 653 4194 Et
698 4141 1013 4197 secundum
1048 4141 1172 4197 haec
1223 4139 1359 4208 du0,
1400 4139 1501 4195 du-

323 4207 531 4287 plicem
580 4225 811 4282 poenam
843 4207 1079 4269 habebit
1126 4216 1389 4284 peccator
1445 4208 1504 4265 in

323 4279 569 4350 1nferno,
596 4282 759 4353 juxta
788 4282 927 4339 illud
955 4284 1062 4341 Job
1105 4301 1119 4339 t
1152 4282 1246 4338 Ad
1270 4282 1503 4337 nimium

326 4351 556 4434 colerem
612 4356 878 4410 transibit
923 4356 994 4411 ab
1044 4357 1210 4426 aquis
1263 4355 1497 4410 nivium.

1637 505 1793 559 Inter
1830 506 2021 558 cetera
2049 501 2221 558 etiam
2264 503 2634 563 incommoda
2684 520 2809 576 quae

1634 572 1847 699 Katitur
1889 572 2241 642 febricitanS,
2286 578 2373 630 est
2423 574 2595 644 istud,
2653 576 2813 646 quod

1677 644 1805 700 abet
1833 644 2086 715 palatum
2124 643 2535 714 inordinatum,
2575 651 2809 718 propter

1634 715 1785 787 quod
1834 713 2022 771 dulcia
2076 713 2339 771 videntur
2367 714 2474 772 sibi
2523 732 2719 772 amara
2753 722 2809 774 et

1634 784 1911 857 insipida;
1937 789 2012 855 et,
2036 802 2067 842 e
2088 801 2384 856 converse,
2414 787 2618 842 eodem
2636 789 2806 845 modo

1634 861 1899 928 peccator
1928 855 2007 913 sic
2041 857 2214 914 habet
2239 857 2626 914 inordinatum
2654 859 2812 928 pala-

1634 933 1775 997 tum,
1824 929 1976 999 quod
2016 927 2211 986 omnia
2243 928 2559 1011 spiritualia
2584 927 2693 984 sibi
2721 929 2804 984 vi-

1635 1001 1841 1056 dentur
1865 999 2132 1071 insipida.
2163 1000 2380 1057 Dicitur
2406 1007 2597 1058 autem
2628 1000 2806 1056 febris

1633 1086 1668 1126 a
1697 1071 1938 1139 fervore,
1980 1076 2039 1127 et
2071 1071 2199 1127 ideo
2239 1072 2428 1128 omnis
2481 1070 2807 1128 inordinata

1632 1142 1849 1214 passio,
1881 1142 2108 1198 fervens
2145 1141 2277 1213 igne
2328 1142 2604 1213 maligno,
2633 1142 2808 1199 febris

1633 1217 1720 1269 est
1749 1212 1976 1269 animae.
2001 1215 2157 1271 Sicut
2185 1219 2377 1270 autem
2408 1218 2540 1270 sunt
2567 1213 2806 1271 diversae

1633 1284 1850 1355 species
1900 1284 2171 1355 febrium,
2209 1285 2289 1341 sic
2329 1285 2499 1342 etiam
2547 1289 2676 1339 sunt
2721 1285 2809 1342 di·

1631 1370 1795 1411 versa
1823 1370 2037 1426 genera
2071 1361 2451 1426 peccatorum.
2495 1355 2686 1411 Prima
2717 1361 2804 1413 est

1633 1429 1936 1497 ephemera,
1964 1443 2090 1498 quae
2128 1427 2340 1501 dicitur
2383 1428 2455 1483 ab
2500 1428 2804 1498 ephemero

1631 1498 1786 1569 pisce
1816 1500 2058 1567 marin0,
2087 1498 2184 1571 qui
2215 1499 2416 1556 eodem
2445 1497 2537 1553 die
2569 1514 2682 1568 quo
2708 1514 2800 1555 na-

1633 1568 1830 1637 scitur,
1866 1569 2148 1639 moritur3
2184 1576 2238 1626 et
2276 1568 2560 1642 significat
2588 1575 2803 1627 motum

1632 1639 1970 1696 inordinatae
2016 1639 2315 1712 passionis,
2374 1644 2431 1697 et
2482 1639 2805 1711 specialiter

1633 1710 1883 1779 subitum
1913 1710 2014 1767 irae
2045 1718 2283 1781 motum,
2315 1710 2413 1783 qui
2445 1711 2615 1768 debet
2643 1711 2801 1768 finiri

1632 1787 1763 1838 ante
1794 1781 1930 1838 solis
1972 1798 2256 1852 occasum,
2305 1783 2614 1839 secundum
2658 1782 2800 1840 illud

1632 1852 1885 1924 Apostoli
1916 1876 1930 1910 :
1972 1855 2069 1911 Sol
2095 1870 2203 1910 non
2238 1854 2451 1910 occidat
2483 1870 2649 1924 super
2686 1858 2798 1910 ira-

1630 1925 1888 1980 cundiam
1916 1930 2174 1981 vestram.
2206 1956 2276 1967 -
2323 1926 2581 1981 Secunda
2621 1925 2797 1982 febris

1632 2000 1717 2051 est
1746 1999 2005 2064 tertiana,
2037 2012 2161 2068 quae
2204 2012 2320 2052 uno
2349 1996 2441 2052 die
2494 1995 2795 2052 interrum-

1628 2066 1808 2138 pitur;
1841 2082 1952 2137 qua
1983 2067 2242 2124 laborant
2270 2065 2351 2121 illi
2381 2065 2475 2137 qui
2506 2084 2633 2122 cum
2662 2083 2794 2138 pec-

1629 2136 1882 2193 caverint
1910 2137 2102 2193 dolent
2132 2139 2202 2194 de
2218 2141 2473 2209 peccato,
2502 2142 2558 2193 et
2588 2138 2668 2193 sic
2697 2139 2795 2195 ha-

1629 2208 1764 2265 bent
1789 2224 1965 2264 unum
1995 2207 2146 2264 diem
2167 2208 2536 2279 poenitentiae,
2561 2224 2686 2278 quae
2708 2214 2795 2265 est

1626 2278 1912 2348 contritio,
1968 2279 2067 2336 sed
2134 2281 2207 2336 ad
2271 2281 2584 2336 secundum
2637 2278 2790 2336 diem

1623 2349 1998 2407 confessionis
2020 2367 2131 2407 non
2186 2350 2546 2424 perveniunt,
2572 2357 2628 2406 et
2656 2350 2786 2408 ideo

1620 2422 1810 2477 statim
1860 2422 1920 2478 in
1960 2421 2112 2480 idem
2146 2422 2410 2480 redeunt.
2481 2453 2537 2464 -
2606 2421 2796 2479 Tertia

1616 2488 1791 2552 febris
1815 2498 1902 2551 est
1931 2499 2227 2565 quartana,
2259 2492 2356 2553 ubi
2380 2495 2492 2552 duo
2520 2492 2641 2552 dies
2662 2495 2792 2552 abs-

1617 2581 1725 2636 que
1778 2566 2102 2622 accessione
2142 2572 2306 2623 sunt.
2347 2566 2589 2633 Quidam
2638 2565 2791 2623 enim

1616 2640 1744 2708 post
1781 2636 2165 2693 accessionem
2208 2636 2446 2709 peccati,
2476 2636 2619 2693 duos
2667 2637 2789 2694 dies

1615 2707 1985 2779 poenitentiae,
2025 2707 2239 2764 scilicet
2285 2706 2687 2764 contritionem
2730 2712 2788 2764 et

1615 2778 2029 2836 confessionem
2101 2784 2439 2848 assumunt3
2488 2778 2607 2848 sed,
2655 2779 2788 2850 quia

1609 2850 1769 2920 juxta
1798 2849 2107 2907 sacerdotis
2157 2848 2478 2917 arbitrium,
2522 2850 2596 2905 ad
2634 2850 2786 2905 diem

1615 2919 1868 2990 tertium,
1925 2921 2140 2978 scilicet
2188 2919 2612 2987 satisfactionis,
2668 2934 2787 2975 non

1616 2991 1971 3063 perveniunt,
2024 2990 2154 3046 ideo
2216 3005 2414 3066 rursus
2465 2987 2525 3044 in
2568 2989 2785 3060 peccati

1615 3060 1942 3135 passionem
1970 3059 2244 3117 incidunt.
2278 3091 2347 3099 -
2371 3061 2583 3126 Quarta
2611 3059 2786 3116 febris

1618 3138 1703 3189 est
1751 3133 2101 3203 quotidiana,
2151 3145 2350 3187 eorum
2394 3129 2656 3186 videlicet
2686 3130 2783 3202 qui

1616 3206 1833 3275 absque
1889 3202 2230 3260 contritione
2282 3200 2472 3273 aliqua
2518 3201 2783 3273 frequen-

1617 3280 1739 3331 tant
1767 3275 1937 3342 mala,
1972 3273 2065 3347 qui
2105 3275 2179 3331 ad
2221 3273 2469 3330 litteram
2507 3272 2661 3331 omni
2693 3274 2786 3332 die

1615 3348 1763 3419 gulae
1793 3346 2064 3414 serviunt,
2104 3350 2203 3403 aut
2230 3344 2541 3402 mendaciis
2584 3350 2642 3402 et
2669 3345 2787 3401 liti·

1616 3420 1741 3487 buS,
1774 3435 1874 3475 seu
1914 3416 2110 3491 'urgiis
2147 3421 2368 3475 vacant.
2410 3450 2465 3458 —
2501 3417 2611 3474 Sed
2639 3418 2784 3474 hanc

1614 3489 1873 3561 sequitur
1923 3489 2074 3547 ebris
2111 3489 2329 3561 quinta,
2368 3487 2580 3546 scilicet
2611 3492 2784 3545 conti-

1611 3578 1747 3632 nua,
1789 3562 1922 3634 quia
1963 3560 2479 3633 frequentationem
2527 3559 2784 3629 sequitur

1614 3632 1991 3702 continuitas;
2025 3637 2081 3689 et
2119 3633 2226 3688 hac
2255 3632 2411 3687 febre
2442 3628 2683 3686 maxime
2708 3629 2786 3710 la·

1613 3705 1819 3761 borant
1846 3702 2115 3761 luxuriosi
2140 3706 2195 3758 et
2222 3701 2397 3757 invidi
2413 3704 2583 3771 atque
2603 3715 2782 3768 avam,

1614 3775 1708 3844 qui
1737 3779 1970 3846 propter
1984 3771 2450 3829 consuetudinem
2482 3769 2785 3849 difficulter

1612 3849 1854 3926 possunt
1902 3844 2107 3900 curari.
2145 3874 2215 3884 —
2244 3844 2410 3899 Sexta
2465 3841 2639 3895 febris
2695 3843 2783 3897 est

1607 3930 1728 3987 Jam
1753 3919 2040 3987 generatae
2060 3909 2504 3980 consuetudiniS,
2528 3926 2653 3982 quae
2679 3926 2785 3983 per

1614 3988 1849 4042 ethicam
1878 3983 2233 4055 intelligitur.
2276 3980 2473 4038 Ethica
2510 3981 2664 4038 enim
2696 3981 2782 4038 di·

1613 4056 1780 4128 citur,
1834 4072 1960 4128 quae
2007 4055 2068 4110 in
2121 4068 2338 4109 morem
2390 4057 2474 4110 est
2508 4053 2778 4120 deducta3

1611 4132 1723 4197 100:
1772 4149 2018 4206 namque
2048 4133 2240 4190 Graece
2280 4148 2404 4188 mos
2438 4131 2778 4214 appellatur.

1615 4211 1745 4264 Haec
1774 4212 1962 4263 autem
1991 4203 2167 4262 febris
2198 4203 2488 4261 radicatur
2518 4218 2585 4277 m>
2610 4218 2785 4260 mem-

1613 4278 1752 4349 briS,
1783 4283 1841 4335 et
1868 4277 2185 4334 naturalem
2211 4274 2607 4333 humiditatem
2632 4290 2785 4331 assu-

1612 4349 1720 4407 mit
1747 4356 1802 4408 et
1841 4348 2147 4420 consumit,
2174 4350 2234 4405 et
2260 4345 2583 4421 specialiter
2607 4345 2785 4419 signi-
