3146 5023
580 428 661 482 DE
716 428 1140 485 REVERSIONE
1195 432 1421 486 APOST.
1477 433 1556 487 Ac
1611 435 1937 491 msslonn
1990 439 2196 493 LXXII
2251 434 2588 497 DISCIPUL.
2757 442 2816 500 0(

1338 731 1619 805 CAPUT
1658 734 1860 806 LVIII

390 946 474 991 DE
503 943 872 993 REVERSIONR
912 938 1374 997 Arosrononum
1411 940 1488 987 Ac
1523 941 1801 989 msslomz
1840 946 1919 991 m·
1959 946 2324 996 Rssvssnslonss
2364 950 2785 998 SEPTUAGmTA

1089 1040 1093 1043 ’
1222 1036 1474 1083 nummu
1500 1038 1964 1087 mscn’unolmu.

895 1190 1072 1246 Math.
1096 1204 1219 1260 cap.
1249 1189 1342 1257 XI,
1367 1190 1541 1246 Marc.
1571 1205 1699 1262 cap.
1723 1192 1797 1248 VI
1821 1194 1879 1247 et
1902 1193 2036 1250 Luc.
2062 1208 2187 1266 cap.
2219 1193 2284 1248 X.

439 1409 464 1446 ι
502 1386 772 1443 Arosrom
816 1388 1194 1440 navum-mres
1249 1401 1318 1439 AD
1373 1401 1536 1441 susm:

358 1474 472 1515 uos
512 1473 714 1511 nocem·
752 1472 896 1518 ouon
930 1473 1062 1510 POST
1100 1472 1536 1510 rubim-nonna

362 1544 824 1585 commun-mm
848 1543 1230 1583 mnenon-Noun
1253 1543 1355 1581 επ.
1373 1555 1442 1568 --
1463 1530 1536 1581 Et

363 1601 752 1661 convenientes,
789 1597 850 1653 id
891 1602 980 1654 est
1013 1601 1365 1653 revertentes
1392 1598 1539 1667 Apo-

358 1669 585 1727 stolide
603 1668 1007 1741 praedicatione
1023 1668 1099 1723 ad
1118 1671 1320 1731 Jesum,
1342 1684 1538 1723 renun-

353 1743 640 1799 tiaverunt
659 1744 710 1795 ei
731 1743 916 1795 omnia
940 1756 1062 1809 quae
1080 1739 1376 1812 docuerant
1394 1755 1538 1810 prae-

354 1812 626 1879 dicando,
658 1816 710 1866 et
738 1818 961 1879 eqerant
991 1810 1265 1866 miracula
1293 1826 1534 1881 operan-

358 1884 454 1953 do,
485 1883 855 1939 ostendentes
881 1883 1032 1953 quod
1057 1881 1388 1937 mandatum
1413 1882 1536 1952 eJ’us

355 1953 607 2011 fideliter
644 1952 892 2009 exsecuti
940 1952 1191 2019 fuerunt,
1231 1958 1288 2007 et
1325 1952 1538 2022 gratias

355 2026 679 2083 referentes
707 2040 879 2096 super
902 2024 991 2079 his
1019 2039 1146 2093 quae
1175 2030 1533 2093 acceperunt.

356 2095 615 2154 Veniunt
645 2111 781 2177 ergo
812 2094 1065 2165 Apostoli
1092 2094 1166 2150 ad
1189 2096 1404 2162 Jesum,
1433 2093 1538 2148 rivi

357 2166 436 2225 ad
452 2167 669 2223 sontem
707 2170 868 2237 Juxta
894 2165 1033 2221 illud
1056 2182 1069 2220 :
1092 2166 1186 2219 Aa
1208 2167 1380 2220 locum
1396 2166 1539 2220 unde

360 2243 566 2295 exeunt
593 2240 826 2307 flumina
853 2241 1219 2300 revertuntur,
1249 2243 1312 2291 ut
1340 2239 1538 2291 iterum

357 2309 542 2381 fluant
549 2349 681 2365 ......
726 2310 889 2363 Ibant
931 2309 1204 2363 animalia
1240 2307 1311 2362 de
1350 2307 1540 2377 quiete

357 2378 861 2451 contemplationis
889 2379 962 2434 ad
992 2379 1246 2435 laborem
1272 2378 1535 2444 actioniS,

359 2456 413 2508 et
454 2452 870 2507 revertebantur
913 2449 1123 2505 iterum
1170 2450 1242 2504 ad
1285 2449 1536 2520 quietem

358 2521 879 2592 contemplationis,
918 2523 984 2577 Et
1022 2537 1148 2576 com
1190 2521 1422 2586 atiendo
1455 2520 1537 2576 eis

359 2595 432 2652 de
478 2594 775 2650 laboribus
825 2591 958 2661 suiS,
1003 2592 1082 2648 ait
1123 2592 1140 2647 i
1166 2592 1233 2647 lis
1280 2615 1293 2649 ε
1347 2595 1537 2649 Venite

359 2681 603 2723 seorsum
632 2669 692 2718 in
715 2663 988 2718 desertum
1011 2665 1207 2731 locum,
1235 2668 1286 2718 et
1311 2668 1437 2733 post
1459 2663 1535 2718 la·-

358 2737 560 2794 borem
582 2733 921 2806 requiescite
937 2736 1227 2805 pusillum,
1251 2733 1535 2804 segregati

362 2823 399 2865 a
432 2806 678 2864 tumultu
717 2806 1085 2877 populorum3
1125 2810 1183 2860 et
1221 2805 1378 2861 duxit
1414 2821 1534 2872 eOS,

361 2883 431 2936 ut
477 2895 537 2933 se
585 2876 920 2946 colligerent
968 2878 1025 2932 in
1070 2878 1349 2944 oratione,
1392 2875 1539 2931 sicut

368 2947 609 3018 dispersi
638 2947 865 3004 fuerant
894 2947 953 3003 in
981 2946 1413 3019 praedicatione3
1443 2963 1539 3002 nec

370 3018 528 3076 enim
570 3023 808 3090 spatium
854 3019 1050 3074 edendi
1083 3019 1376 3086 habebant,
1422 3034 1539 3089 prae

366 3088 575 3156 turbiS,
625 3097 778 3145 erant
815 3093 959 3145 enim
995 3091 1180 3158 multi,
1222 3092 1322 3159 qui
1358 3092 1537 3143 venie-

371 3162 503 3217 bant
538 3166 588 3216 et
619 3162 777 3215 redib
798 3167 901 3216 mt.
949 3161 1110 3216 Unde
1140 3162 1290 3216 Beda
1319 3179 1337 3214 .·
1373 3181 1401 3211 «
1432 3158 1539 3216 Ubi

366 3248 575 3304 magna
601 3231 875 3303 temporis
902 3232 1052 3288 illius
1077 3230 1339 3299 felicitaS,
1367 3231 1438 3286 de
1464 3230 1542 3286 la-

362 3303 503 3362 bore
537 3302 865 3360 docentium
894 3302 1083 3373 simul,
1110 3307 1171 3358 et
1200 3300 1543 3358 discentium

367 3374 558 3431 studio
589 3375 1035 3442 demonstratur,
1066 3390 1194 3444 quae
1227 3373 1446 3429 utinam
1483 3372 1540 3427 iu

365 3451 563 3503 nostro
589 3461 708 3501 aevo
738 3445 971 3514 rediret,
993 3449 1058 3500 ut
1082 3450 1241 3500 tanta
1265 3443 1542 3500 ministris

366 3517 525 3573 verbi
558 3516 880 3587 frequentia
909 3515 1165 3572 fidelium
1194 3515 1420 3571 insistat
1451 3532 1542 3571 au-

368 3587 641 3655 ditorum,
671 3604 801 3657 quae
834 3603 936 3643 nec
961 3587 1203 3644 liberum
1231 3586 1313 3643 eis
1344 3603 1543 3642 curan-

367 3658 425 3714 di
465 3658 723 3729 corporis
774 3658 1019 3729 spatium
1062 3659 1364 3714 concedat!
1403 3659 1543 3713 Nam

368 3727 576 3801 quibus
629 3729 952 3785 necessaria
1005 3727 1246 3785 curandi
1292 3728 1544 3801 corporis

365 3800 515 3857 hora
544 3806 804 3870 negatur,
831 3798 1239 3871 quantominus
1263 3799 1545 3856 illecebris

368 3870 576 3929 animae
606 3886 723 3927 suae
755 3872 1054 3943 carnisque
1084 3870 1352 3928 studendi
1374 3871 1547 3926 facul-

367 3945 460 3998 tas
488 3943 684 4010 adest;
725 3942 864 4013 quin
894 3942 1083 4014 potius
1120 3959 1155 3999 a
1183 3942 1388 4013 quibus
1419 3957 1544 3997 ver-

369 4012 508 4071 bum
538 4013 697 4079 fidei,
723 4018 783 4069 et
809 4013 1055 4070 salutare
1083 4013 1418 4084 mysterium
1447 4028 1547 4083 op-
1570 4049 1576 4054 -

367 4088 636 4156 portune,
676 4084 1003 4156 importune
1041 4083 1304 4154 exigitur,
1345 4084 1549 4138 horum

370 4153 598 4211 animus
618 4171 792 4211 conse
836 4161 1037 4212 uenter
1060 4154 1134 4211 ad
1158 4154 1381 4224 agenda
1406 4169 1549 4209 sem-

369 4240 476 4298 per
491 4230 549 4281 et
563 4172 871 4296 cogitanffa
890 4225 1143 4282 coelestia
1164 4223 1546 4306 succenditur,

370 4311 446 4353 ne
471 4312 542 4352 ea
562 4313 692 4368 quae
716 4297 903 4354 verbis
929 4298 1154 4366 docent,
1187 4298 1349 4352 factis
1371 4310 1549 4366 impu-

372 4372 553 4439 gnent
585 4385 598 4422 :
633 4389 662 4419 »
694 4369 819 4425 haec
853 4369 1023 4425 Beda.
1065 4367 1295 4440 Mystice
1331 4372 1545 4435 autem,

1643 1384 1955 1441 secundum
1982 1388 2393 1456 Hieronymum,
2426 1403 2685 1444 seorsum
2711 1389 2815 1446 du-

1640 1455 1715 1511 cit
1744 1455 2016 1513 Dominus
2045 1473 2188 1528 quos
2211 1456 2406 1528 elegit,
2432 1463 2495 1514 ut
2521 1458 2672 1515 iuter
2700 1475 2814 1519 ma-

1638 1527 1725 1581 los
1761 1525 2015 1583 viventes
2049 1528 2201 1584 mala
2239 1544 2358 1583 non
2395 1531 2710 1586 intendant.
2747 1534 2814 1587 Et

1638 1598 1784 1678 bene
1807 1596 2034 1670 dicitur,
2061 1603 2124 1655 ut
2141 1597 2500 1669 quiescerent
2518 1601 2810 1672 pusillum,

1637 1684 1775 1738 quia
1810 1668 2019 1740 pusilla
2051 1669 2282 1740 requies
2318 1676 2405 1727 est
2443 1670 2534 1727 hic
2574 1674 2810 1740 Sanctis,

1639 1740 1802 1795 labor
1827 1746 2017 1797 autem
2046 1756 2315 1812 magnus;
2358 1742 2460 1798 sed
2491 1747 2691 1813 postea
2723 1741 2810 1799 di·

1638 1815 1798 1866 cetur
1827 1811 1910 1867 eis
1943 1829 1956 1867 ε
1996 1816 2064 1869 Ut
2092 1816 2441 1883 requiescant
2468 1830 2503 1867 a
2532 1814 2812 1870 laboribus

1635 1884 1783 1950 suis,·
1835 1899 2002 1953 opera
2043 1887 2188 1939 enim
2237 1887 2462 1940 illorum
2509 1890 2815 1955 sequuntur

1638 1955 1783 2008 illos.
1808 1954 1968 2009 Unde
1987 1954 2124 2011 dicit
2142 1956 2459 2024 Greqorius,
2484 1957 2637 2028 quod
2650 1959 2810 2012 tanto

1638 2029 1772 2079 tunc
1790 2025 1975 2094 major
1999 2042 2060 2082 re
2105 2025 2225 2082 uies
2247 2026 2377 2094 erit,
2400 2034 2614 2097 quanto
2640 2027 2810 2084 modo

1639 2095 1712 2150 ob
1760 2110 2017 2176 amorem
2063 2042 2385 2152 gonditoris
2436 2096 2545 2163 sui,
2586 2096 2812 2167 requies

1640 2165 1798 2220 nulla
1840 2166 2029 2221 fuerit,
2070 2168 2137 2221 Et
2162 2182 2205 2237 ‚e
2238 2172 2437 2222 contra
2470 2166 2744 2236 intellige,
2775 2183 2812 2224 o

1639 2235 1821 2317 piger,
1853 2236 2005 2307 quod
2027 2240 2186 2292 tanto
2216 2242 2350 2293 tunc
2373 2236 2561 2292 minor
2586 2236 2812 2307 requies

1640 2312 1768 2376 er1t,
1806 2311 2020 2378 quanto
2053 2324 2207 2364 nunc
2237 2310 2311 2364 ob
2341 2324 2598 2364 amorem
2623 2307 2813 2364 carnis

1638 2378 1869 2449 requies
1899 2380 2083 2451 major
2101 2379 2291 2436 suerit.
2309 2382 2377 2435 Et
2405 2379 2552 2446 ideo,
2587 2384 2648 2435 ut
2677 2384 2815 2436 tunc

1639 2451 1888 2520 gaudere
1917 2450 2102 2523 possis
2123 2451 2419 2508 dulcedine
2442 2450 2671 2523 quietiS,
2696 2467 2814 2509 non

1638 2524 1949 2579 abhorreas
1966 2523 2811 2594 nuncgustareamaritudinem

1638 2592 1873 2716 ltaboriS,
1905 2595 2205 2650 attendens
2229 2597 2404 2652 verba
2426 2597 2605 2649 Boetii
2627 2594 2814 2650 dicen-

1663 2679 1713 2718 1s
1747 2680 1761 2718 t

1709 2771 1935 2826 Dulcior
1984 2775 2065 2826 est
2109 2773 2299 2842 apium
2344 2787 2503 2840 maqe
2541 2772 2717 2840 labor,

1709 2843 1773 2898 Si
1803 2844 1983 2897 malus
2007 2859 2105 2896 ora
2127 2846 2291 2913 prius
2314 2859 2481 2913 sapor
2509 2843 2656 2897 edat.

1639 2946 1939 3015 Quiescere
1967 2963 2103 3028 ergo
2125 2948 2259 3003 facit
2288 2947 2543 3003 Christus
2571 2945 2812 3017 discipu-

1640 3020 1726 3074 los
1746 3033 1900 3083 suOS,
1923 3024 1984 3072 ut
2001 3017 2225 3072 discant
2245 3032 2464 3083 omneS‚
2491 3019 2549 3070 et
2572 3016 2812 3075 maxime

1642 3088 1737 3161 qui
1780 3092 2055 3159 praesunt,
2105 3088 2258 3158 quod
2305 3086 2401 3157 qui
2445 3087 2706 3142 laborant
2753 3088 2813 3145 in

1642 3175 1815 3230 opere
1843 3164 1900 3214 et
1921 3174 2185 3215 sermone
2204 3158 2461 3230 requiem
2488 3173 2815 3229 promeren-

1642 3238 1754 3288 tur.
1799 3232 1907 3287 Per
1944 3232 2053 3286 hoc
2089 3230 2261 3287 etiam
2294 3230 2631 3298 ostenditur,
2663 3231 2816 3301 quod

1645 3302 2069 3374 praedicatoreS,
2099 3307 2229 3372 post
2259 3301 2674 3374 praedicationis
2705 3301 2816 3359 dis-

1646 3389 1895 3442 cursum,
1924 3373 2115 3430 redire
2140 3373 2351 3431 debent
2374 3375 2448 3431 ad
2474 3375 2819 3446 contempla·

1644 3445 1819 3501 tionis
1857 3450 2165 3514 secretum3
2198 3450 2253 3501 et
2283 3462 2457 3518 opera
2488 3462 2591 3502 sua
2624 3460 2817 3501 coram

1647 3520 1761 3574 Deo
1781 3516 2064 3575 discutere
2081 3522 2138 3573 et
2155 3517 2459 3589 diligenter
2468 3517 2816 3586 examinare,

1644 3595 1707 3645 ut
1743 3589 1815 3644 de
1844 3590 2009 3646 bonis
2040 3589 2253 3659 gratias
2274 3594 2446 3659 agant
2477 3594 2534 3642 et
2565 3588 2637 3642 de
2663 3587 2817 3641 defe-
2924 3579 2943 3594 ‘

1645 3659 1827 3716 ctibus
1884 3659 2105 3716 veniam
2164 3664 2381 3730 petant.
2435 3658 2821 3712 Admonemur

1645 3730 1837 3800 itaque
1888 3730 1981 3786 hic
2024 3730 2084 3784 in
2126 3728 2355 3784 Domini
2395 3727 2574 3792 factiS,
2616 3732 2676 3780 ut
2714 3725 2817 3781 ali-

1647 3801 1872 3870 quando
1905 3801 1978 3855 ab
2010 3798 2232 3854 actione
2262 3798 2621 3868 quiescamus
2652 3800 2709 3850 et
2745 3796 2819 3852 ad

1647 3873 1932 3925 secretum
1997 3866 2492 3939 contemplationis
2556 3871 2822 3922 transea-

1649 3955 1774 3995 mus
1793 3956 1807 3992 t
1832 3937 1964 4008 quia
1980 3936 2039 3992 in
2052 3937 2275 3992 actione
2291 3935 2554 3993 exteriori
2574 3938 2819 4007 spatium

1648 4008 2068 4089 contemplandi
2086 4021 2204 4063 uon
2219 4007 2513 4062 habemus¹
2538 4007 2674 4073 Quae
2693 4022 2820 4063 con-

1646 4080 1942 4152 templatio
1970 4085 2122 4134 recte
2152 4075 2243 4132 hic
2271 4078 2562 4134 desertum
2589 4078 2816 4148 dicitur,

1650 4151 1785 4223 quia
1808 4166 1842 4207 a
1861 4149 2052 4206 multis
2070 4148 2352 4205 deseritur
2375 4154 2432 4204 et
2455 4165 2489 4204 a
2510 4148 2704 4220 paucis
2729 4148 2818 4206 in-

1650 4222 1960 4291 habitatur,
1992 4221 2049 4277 in
2074 4237 2186 4292 qua
2206 4219 2616 4291 requiescimus
2643 4221 2817 4292 pusil-

1649 4295 1787 4364 lum,
1821 4292 1954 4366 quia
1990 4310 2093 4367 pro
2131 4298 2328 4349 nostra
2365 4291 2671 4363 fragilitate
2706 4308 2822 4350 non

1651 4366 1752 4423 diu
1779 4365 1988 4423 divinae
2011 4364 2217 4423 visioni
2235 4365 2490 4423 valemus
2514 4364 2820 4432 inhaerere,
