3146 5023
356 405 451 459 ¹62
1106 397 1324 451 PRIHAE
1376 395 1610 450 piaris
1667 397 1879 450 cuni·
1927 397 2094 452 LXVI

353 509 499 568 stolo
525 507 710 565 simile
731 506 947 563 donum
965 502 1220 574 accipere
1241 500 1522 570 meruisti,
1715 504 1748 556 8
1782 502 2052 559 Mani-nn
2105 517 2483 560 commu-10
2531 522 2597 560 iri·
2624 524 2808 565 mm

433 581 447 593 ‘
504 580 642 637 dixit
682 596 698 635 z
735 577 994 634 Libenter
1026 573 1306 643 olor-tabor
1345 575 1407 628 in
1444 576 1536 628 in-
1640 589 1841 629 cAuSAE.
1875 604 1943 618 --
1968 575 2037 629 Et
2067 571 2196 643 ideo
2241 580 2522 646 martyres
2561 578 2804 636 maxime

351 597 711 724 mantibus
748 650 906 710 meis,
939 649 1003 701 ut
1041 644 1316 699 inhabitet
1345 645 1405 698 in
1441 660 1532 699 me
1637 642 2132 714 commendantur,
2161 644 2294 716 quia
2325 646 2519 717 plures
2546 648 2804 706 sustinu-

351 726 532 780 virtus
589 720 814 778 Christi.
846 718 916 771 Et
968 730 1194 771 rursum
1229 730 1245 769 ι
1292 714 1525 782 Quando
1635 719 1805 771 erunt
1836 721 2076 788 propter
2111 731 2365 774 amorem
2402 719 2502 775 Dei
2536 719 2809 778 tentatio-

350 796 495 851 enim
522 794 790 861 infirmor.
828 792 958 842 tune
984 784 1186 841 fortior
1224 789 1282 841 et
1327 791 1522 855 potens
1634 802 1758 856 nes,
1819 791 2017 843 contra
2061 788 2370 845 humanam
2427 791 2799 849 voluntatem.

349 879 490 921 sum,
523 862 580 920 Si
615 860 850 931 frigore,
879 858 928 913 si
974 854 1229 912 febribus
1276 856 1519 929 castiga·
1634 857 1793 914 Unde
1825 858 2076 928 Eleazar,
2105 858 2241 916 dum
2287 859 2792 931 plagisperimere·

350 934 452 1001 ris,
479 946 697 989 memor
715 933 838 986 esto
866 928 1019 999 quod
1038 927 1330 1000 Scriptura
1359 927 1518 984 dicit:
1629 931 1744 997 tur,
1777 928 2054 1000 ingemuit
2099 933 2157 986 et
2202 929 2339 986 dixit
2370 947 2384 985 ε
2411 935 2656 995 Domine,
2690 935 2794 1003 qui

354 1006 733 1063 Transivimus
775 1016 879 1072 per
933 1002 1115 1068 ionem
1171 1002 1225 1054 et
1278 1015 1518 1070 aquam3
1631 1000 1803 1056 habes
1855 1002 2145 1057 seientiam
2196 1007 2466 1071 sanctam,
2505 1006 2803 1071 manifeste

351 1074 486 1147 quia
526 1073 820 1129 residuum
876 1074 984 1140 est,
1017 1074 1081 1126 ut
1135 1069 1423 1127 inducaris
1459 1069 1521 1126 in
1627 1073 1758 1139 scis,
1801 1075 1883 1141 tu,
1965 1074 2063 1128 uia
2107 1088 2231 1129 omn
2271 1089 2309 1128 a
2360 1078 2531 1129 morte
2566 1074 2791 1145 'possem

349 1144 730 1216 refrigerium.
765 1144 961 1199 Clama
999 1140 1173 1197 etiam
1208 1158 1337 1197 cum
1377 1143 1517 1197 Pro·
1628 1143 1878 1214 liberari,
1952 1158 2082 1200 uros
2125 1146 2370 1215 corporis
2410 1147 2654 1200 sustineo
2684 1147 2784 1202 do·

390 1218 526 1273 heta
557 1232 572 1271 2
604 1219 669 1271 In
720 1214 1078 1270 tribulatione
1124 1212 1383 1268 dilatasti
1410 1229 1513 1268 me.
1629 1214 1813 1282 lov-083
1863 1215 2160 1271 secandum
2212 1218 2459 1271 animam
2508 1232 2632 1272 vero
2668 1232 2805 1287 pro-

403 1289 649 1345 erfectus
701 1284 855 1341 enirn
895 1283 1010 1340 eris
1056 1298 1162 1355 per
1196 1283 1518 1364 hujusmodi
1562 1290 1568 1353 ζ
1626 1289 1753 1354 pter
1776 1301 2010 1341 amorem
2024 1290 2180 1343 taum
2200 1287 2431 1342 libenter
2447 1288 2557 1343 kaee
2583 1291 2790 1358 patior.

351 1358 773 1416 tribulationes,
805 1355 860 1412 Si
890 1356 1034 1412 torte
1057 1353 1271 1411 amittis
1293 1356 1514 1423 oculos,
1563 1358 1568 1425 λ
1628 1360 1691 1412 ln
1721 1356 1991 1429 martyrio
2018 1356 2173 1415 enim
2222 1373 2336 1414 non
2381 1358 2621 1415 debetur
2646 1374 2790 1430 prae·

351 1446 469 1487 non
499 1430 650 1486 seras
678 1427 949 1499 graviter,
978 1426 1321 1483 extollentiae
1363 1425 1516 1485 enim
1564 1430 1569 1513 Ι
1629 1426 1807 1483 mium
1836 1428 2151 1485 secundum
2179 1428 2307 1497 hoc,
2342 1431 2495 1501 quod
2533 1432 2606 1487 ab
2643 1434 2793 1487 exte-

352 1501 793 1559 instrumentum
824 1497 1105 1567 amisisti3
1145 1497 1247 1553 sed
1280 1496 1516 1553 interio-
1565 1532 1570 1583 3
1628 1497 1766 1553 riori
1830 1498 2127 1582 infligitur,
2169 1499 2270 1557 sed
2325 1502 2638 1557 secundum
2670 1503 2798 1571 hoc,

354 1574 514 1629 ribus
558 1570 739 1628 oculis
786 1569 1030 1641 gloriam
1084 1568 1184 1625 Dei
1236 1568 1518 1641 speculari
1566 1606 1570 1641 ⁶
1630 1569 1784 1639 quod
1826 1584 1933 1642 pro
1991 1572 2217 1628 Christo
2259 1571 2579 1628 voluntarie
2633 1571 2795 1629 susti-

351 1643 759 1701 stude.Surdus
794 1643 976 1697 factus
1019 1654 1101 1707 es,
1135 1655 1250 1695 non
1280 1639 1498 1722 cont-ri·-
1630 1644 1801 1696 netur
1829 1657 1843 1696 t
1879 1640 2017 1712 quia
2044 1657 2161 1698 non
2193 1656 2500 1710 meremur,
2533 1642 2642 1698 nisi
2693 1659 2793 1714 per

355 1714 552 1784 steris3
584 1714 718 1784 quia
739 1713 998 1769 auditum
1025 1725 1231 1767 vanum
1257 1715 1518 1767 amisisti.
1566 1698 1571 1755 Ι
1629 1727 1699 1767 ea
1728 1727 1854 1781 quae
1884 1717 2016 1768 sunt
2042 1712 2105 1767 in
2140 1711 2324 1780 nobis,
2356 1718 2413 1769 et
2443 1729 2557 1767 non
2585 1729 2690 1784 per
2718 1729 2790 1769 ea

354 1788 554 1843 Manus
588 1790 698 1840 tuae
726 1800 794 1840 ex
822 1782 1014 1852 aliqua
1062 1781 1326 1853 passione
1355 1781 1519 1837 debi·
1567 1786 1571 1843 ῐ
1631 1798 1755 1854 quae
1786 1788 1918 1838 sunt
1951 1786 2109 1838 extra
2134 1798 2267 1851 nos;
2304 1782 2452 1838 sicut
2480 1799 2586 1838 nec
2610 1783 2798 1845 deme·

354 1855 531 1914 litatae
586 1859 754 1920 sunt;
805 1853 905 1909 sed
952 1852 1255 1909 interiores
1292 1858 1523 1923 paratas
1567 1846 1571 1927 ζ
1629 1868 1842 1918 remur,
1879 1851 1989 1909 nisi
2043 1867 2149 1924 per
2197 1868 2267 1909 ea
2312 1868 2440 1923 quae
2475 1859 2608 1909 sunt
2646 1855 2793 1911 intra

353 1927 571 1983 habeas
598 1925 871 1981 adversus
908 1921 1121 1979 inimici
1150 1926 1516 1980 tentationes.
1567 1936 1572 2021 ἶ
1630 1940 1755 1980 nos.
1786 1925 2008 1991 Quanto
2050 1927 2243 2007 αιιῐιὶιιι
2279 1923 2422 1980 illud
2469 1925 2622 1995 quod
2663 1924 2795 1996 quis

353 1996 663 2057 Infirmitas
689 2000 870 2052 totum
899 2010 1108 2066 corpus
1137 1999 1297 2051 tuum
1320 1999 1477 2052 tenet
1500 2013 1516 2065 3
1569 2040 1572 2047 ,
1632 1994 1875 2051 sustinet
1898 1996 2242 2066 voluntarie,
2269 1995 2560 2052 difficilius
2584 2001 2672 2052 est
2698 2012 2796 2053 vo·

355 2071 455 2127 sed
491 2066 746 2124 interiori
775 2065 992 2122 homini
1034 2065 1249 2123 sanitas
1292 2066 1544 2123 crescit.·
1633 2065 1837 2122 luntati
1907 2064 2219 2135 sustinere;
2289 2070 2451 2123 tanto
2509 2069 2800 2138 voluntas,

351 2141 504 2198 Nihil
538 2139 691 2196 enini
723 2137 877 2194 aliud
928 2142 1016 2193 est
1067 2138 1344 2208 aegritudo
1391 2154 1520 2194 cor·
1568 2130 1575 2195 ἶ
1635 2137 2520 2209 quae,propterChristnm,illud
2541 2140 2803 2210 sustinet,

353 2212 532 2285 poriS,
564 2225 736 2282 quam
763 2209 977 2266 sanitas
1008 2209 1233 2265 mentis.
1271 2208 1328 2267 Si
1359 2208 1520 2264 infir·
1570 2198 1576 2243 ἕ
1635 2207 1957 2265 ostenditur
2012 2208 2234 2264 firmius
2285 2208 2344 2264 in
2401 2210 2624 2265 Christo
2687 2211 2802 2272 fixa

352 2285 524 2342 mitas
551 2282 683 2338 talis
710 2281 813 2336 tibi
855 2279 1049 2350 suerit,
1080 2285 1146 2336 ut
1175 2297 1293 2335 non
1334 2278 1520 2351 possis
1571 2260 1577 2299 ²
1635 2296 1795 2347 esse3
1820 2284 1879 2334 et
1896 2278 2025 2335 ideo
2045 2278 2410 2335 excellentius
2433 2279 2484 2334 ei
2500 2280 2801 2359 praemium

356 2357 510 2411 stare
566 2353 640 2407 ad
698 2350 975 2406 orandum
1037 2354 1096 2407 et
1148 2352 1524 2422 psallendum,
1572 2310 1579 2421 ι
1637 2351 1897 2407 debetur.
1946 2350 2030 2405 Ad
2076 2349 2386 2406 efficaciam
2426 2365 2635 2422 quippe
2686 2366 2804 2408 me-

353 2438 473 2481 non
499 2420 853 2496 contristeris
880 2420 1045 2489 inde;
1083 2424 1216 2491 quia
1255 2421 1381 2492 ipsa
1435 2422 1526 2477 in·
1576 2432 1579 2439 ’
1636 2420 1803 2478 rendi
1825 2419 1937 2476 tria
1960 2420 2169 2478 valent.
2200 2453 2271 2461 —
2294 2421 2548 2476 Primum
2577 2426 2665 2478 est
2689 2422 2804 2478 dir-

355 2493 602 2553 firmitas
630 2496 758 2548 orat
804 2506 909 2564 pro
938 2495 1013 2548 te.
1049 2490 1107 2549 Si
1131 2494 1377 2565 jejunas,
1408 2509 1527 2550 non
1578 2537 1581 2574 ἱ
1639 2494 1862 2551 ficultas
1890 2492 2100 2565 operis,
2131 2492 2286 2578 quod
2321 2498 2475 2564 patet
2500 2492 2559 2549 in
2590 2498 2806 2567 marty·

355 2565 461 2624 tibi
524 2563 785 2620 invenias
859 2563 1237 2633 occasionem,
1288 2564 1528 2622 dicendo
1578 2603 1582 2636 ³
1640 2565 1771 2621 rio:
1809 2565 1963 2636 quia,
2004 2570 2068 2622 ut
2109 2570 2190 2622 ait
2227 2565 2540 2633 Greqorius,
2574 2566 2808 2638 majoris

357 2636 495 2719 quia
523 2643 791 2709 gravatus
817 2634 878 2691 in
909 2635 1305 2706 aegritudinem
1336 2636 1527 2694 incur·
1579 2643 1582 2652 ’
1642 2637 1833 2693 meriti
1853 2642 1939 2693 est
1961 2638 2201 2694 adversa
2227 2636 2513 2718 patienter
2538 2637 2804 2707 tolerare,

355 2707 525 2765 risti:
567 2706 857 2779 quoniam,
896 2706 1079 2778 etqui
1110 2709 1527 2779 nonjeJunant,
1579 2727 1583 2786 ᾗ
1684 2724 1813 2764 uam
1874 2706 2044 2764 bonis
2097 2710 2368 2780 operibus
2413 2708 2701 2765 insudare.
2734 2740 2805 2759 -η-

356 2779 572 2838 similes
635 2777 1001 2860 aegritudines
1064 2776 1389 2835 incurrunt.
1433 2782 1523 2835 In·
1580 2829 1583 2836 .
1641 2724 1965 2836 genundum
2008 2783 2096 2836 est
2125 2780 2509 2853 promptitudo
2552 2781 2818 2838 volunta·-

354 2850 574 2908 ehoasti
627 2849 842 2920 aliquid
891 2847 1048 2917 boni,
1080 2865 1197 2905 non
1239 2849 1536 2910 revoceris.
1580 2867 1583 2876 ·
1641 2850 1762 2908 tis:
1800 2850 1956 2922 quia,
1982 2852 2294 2907 secundum
2322 2850 2672 2930 Apostolum,
2703 2855 2806 2908 Hi-

347 2933 460 3067 }›er
505 2921 911 2994 impedimenta
960 2919 1174 2976 inimici
1205 2937 1220 2975 t
1252 2921 1526 2992 quoniam
1580 2901 1583 2930 ¹
1642 2924 1813 2978 larem
1868 2923 2115 2979 datorem
2148 2924 2340 2993 dilioit
2388 2927 2563 2991 Deus;
2602 2928 2679 2993 et,
2718 2939 2811 2986 sev

378 3010 409 3050 e

405 2992 573 3065 junia
630 2997 687 3049 et
741 2992 969 3049 labores
1018 2992 1185 3049 nobis
1235 2991 1528 3049 constituti
1641 2994 1895 3050 cundum
1936 2995 2333 3063 Aaqustinum,
2369 3011 2539 3051 nemo
2586 2993 2796 3056 invitus

353 3069 505 3134 sunt,
555 3070 788 3147 propter
841 3069 1039 3147 tjurpes
1101 3063 1524 3146 delectationes·
1577 3073 1583 3164 Ι
1638 3064 1945 3146 benefacit,
1994 3065 2221 3123 etiamsi
2262 3067 2478 3123 bonum
2526 3065 2599 3147 sit
2649 3065 2806 3138 quod

355 3137 489 3191 Haec
517 3152 712 3192 omnia
741 3135 908 3192 nobis
990 3135 1256 3191 reficiunt
1304 3135 1378 3191 ad
1429 3135 1528 3191 de·
1636 3135 1791 3193 facit.
1825 3169 1896 3179 —
1932 3137 2185 3193 Tertium
2222 3141 2310 3193 est
2350 3136 2680 3207 magnitudo
2709 3152 2805 3196 ca*

353 3206 628 3263 struenda
649 3205 907 3276 corporis
975 3205 1238 3262 esideria.
1262 3206 1524 3278 Quapro-
1635 3206 1825 3264 ritatis
1857 3224 1872 3263 ε
1902 3205 2036 3289 quia
2063 3207 2188 3279 ipsa
2225 3207 2432 3263 caritas
2460 3206 2684 3277 pondus
2713 3210 2804 3263 est

350 3280 481 3349 pter
508 3276 688 3332 discat
721 3292 838 3332 non
867 3292 1225 3333 murmurare
1254 3276 1352 3349 qui
1380 3275 1527 3350 pati·
1636 3278 1976 3346 sanctuarii,
2032 3278 2345 3334 secundum
2491 3277 2563 3332 od
2614 3276 2807 3335 omnia

349 3351 464 3416 tur,
498 3346 546 3401 si
599 3345 827 3416 ignorat
882 3363 983 3404 cur
1032 3348 1277 3419 patitur3
1317 3353 1374 3405 et
1418 3364 1524 3420 per
1634 3348 1837 3420 quaein
1864 3348 2073 3419 templo
2089 3353 2271 3416 erant,
2291 3363 2404 3419 pon
2446 3347 2793 3417 erabanturg
2876 3361 2877 3364 ’

347 3416 459 3474 hoc
481 3418 632 3499 juste
665 3433 726 3473 se
756 3416 872 3488 pati
902 3418 1229 3488 arbitretur,
1261 3420 1413 3491 quod
1442 3421 1516 3476 ab
1630 3425 1688 3476 et
1734 3419 1865 3475 ideo
1923 3434 2067 3490 opus
2110 3422 2332 3474 tantum
2387 3416 2447 3472 in
2491 3422 2801 3488 conspectu

347 3486 449 3545 illo
480 3487 790 3560 judicatur,
817 3489 979 3560 cujus
1032 3505 1346 3571 numquam
1364 3490 1518 3561 judi·
1626 3489 1843 3547 Judicis
1884 3488 2183 3561 ponderat,
2202 3493 2479 3559 quantum
2525 3494 2583 3544 et
2619 3504 2784 3546 amor

349 3558 438 3617 cia
465 3560 678 3633 injusta
702 3564 851 3616 sunt.
879 3560 993 3628 'Qui
1022 3575 1087 3615 er
1125 3576 1158 3615 o
1187 3576 1248 3616 in
1276 3561 1519 3633 flagellis
1628 3560 1783 3619 unde
1833 3558 2110 3632 procedit.
2156 3561 2344 3643 Opera
2402 3565 2593 3616 autem
2646 3561 2801 3622 bona

347 3637 689 3702 murmurat,
723 3630 1008 3704 justitiam
1019 3576 1330 3704 jugicantis
1356 3649 1520 3690 accu-
1628 3630 1921 3690 meritoria
1964 3635 2098 3688 sunt
2135 3635 2336 3702 trium,
2379 3630 2595 3688 scilicet
2626 3649 2642 3687 ε
2670 3629 2836 3690 vitai

344 3709 463 3774 sat3
520 3705 620 3778 qui
687 3720 822 3760 vero
869 3705 1024 3778 juste
1076 3705 1433 3788 recognoscit
1482 3718 1520 3762 a
1628 3708 1880 3774 aeternae,
1918 3704 2211 3774 augmenti
2247 3702 2470 3777 gratiae,
2495 3702 2790 3759 remissio-

337 3775 494 3850 J'usto
518 3775 712 3850 judice
741 3773 860 3848 pati
905 3775 1059 3849 quod
1103 3781 1367 3860 sustinet²
1406 3773 1517 3833 eti·
1627 3774 1718 3831 nis
1740 3791 1949 3848 poenae.
1984 3773 2265 3844 Primum,
2298 3774 2513 3831 scilicet
2543 3776 2803 3834 substan-

342 3848 490 3906 amsi
519 3863 750 3907 causam
800 3863 904 3921 pro
954 3863 1067 3920 qua
1105 3847 1322 3920 patitur
1348 3864 1518 3920 igno·
1629 3845 1765 3903 tiale
1797 3846 2096 3920 praemium
2114 3846 2248 3904 vitae
2275 3851 2526 3916 aeternae‚
2554 3861 2797 3929 respon-

342 3925 456 3990 ret,
510 3936 616 3994 per
672 3922 782 3977 hoc
832 3922 954 3993 jam
1004 3918 1374 3992 justificatur,
1412 3934 1520 3991 per
1631 3919 1729 3976 det
1778 3918 1956 3976 radici
2007 3917 2220 3991 operis,
2277 3918 2494 3975 scilicet
2552 3915 2799 3999 caritati.

342 3993 497 4065 quod
538 3992 905 4065 semetipsum
943 3995 1171 4050 accusat
1203 3997 1261 4048 et
1299 3989 1398 4047 Dei
1424 3991 1521 4062 ju-
1631 3989 1940 4050 Praemium
1984 4006 2122 4048 vero
2155 3989 2538 4060 accidentale,
2583 3987 2800 4046 scilicet

339 4064 556 4122 stitiam
580 4063 796 4121 laudat.
820 4065 999 4136 Igitur
1018 4079 1123 4137 pro
1149 4061 1394 4133 Christo,
1416 4076 1522 4143 pro
1630 4067 1999 4132 augmentum
2020 4060 2242 4146 gratiae,
2263 4061 2574 4134 respondet
2599 4057 2801 4130 generi

331 4133 471 4206 fide,
502 4151 609 4209 pro
648 4136 910 4205 veritate,
966 4150 1071 4207 pro
1107 4133 1343 4206 ,iustitia
1390 4132 1522 4189 viri·
1631 4132 1823 4204 operis
1858 4155 1873 4191 =
1905 4132 2040 4205 quia
2077 4134 2349 4206 operibus
2387 4131 2793 4189 excellentibus

332 4204 465 4263 liter
499 4223 677 4279 usque
706 4207 782 4264 ad
820 4211 1067 4264 mortem
1106 4210 1431 4274 certemus3
1462 4208 1522 4260 et
1631 4209 1690 4260 et
1734 4205 2003 4276 operibus
2054 4202 2575 4277 supererogationis
2615 4216 2800 4260 inere-

335 4277 413 4336 ad
467 4278 853 4335 sufferendum
906 4293 1013 4350 pro
1063 4278 1181 4334 Deo
1229 4276 1523 4349 patienter
1631 4289 1762 4330 mur
1782 4274 1966 4348 magis
1990 4273 2601 4358 augmentum‘gratiae,
2623 4288 2799 4346 quam

337 4347 599 4416 adversa,
650 4364 759 4406 nos
802 4344 1060 4422 quotidie
1109 4360 1519 4420 preparemus.
1632 4345 1901 4418 operibus
1949 4345 2100 4405 aliis.
2132 4345 2415 4405 Remissio
2449 4351 2645 4405 autom
2673 4356 2803 4419 ρω-
