3146 5023
934 452 943 461 ’
1032 438 1112 492 DE
1167 437 1567 493 DAEMOMAGO
1620 438 1799 498 CAEGO
1852 441 1928 494 ΕΤ
1982 439 2177 494 ΙΠΤΟ.

388 530 709 615 ignorantia
733 556 1058 615 peccamus,
1080 542 1140 597 in
1160 540 1362 599 Filium
1391 544 1551 613 quasi
1579 556 1588 563 ’

272 666 281 675 .
384 620 581 672 contra
601 615 937 688 sapientiam
956 629 1261 686 peccamus
1283 631 1297 682 ;
1322 615 1550 684 quando

384 703 520 743 vero
565 703 634 744 ex
688 684 1090 755 malevolentia
1133 700 1456 757 peccamus,
1487 685 1550 742 in

385 758 658 830 Spiritum
704 760 971 815 Sanctum
1018 770 1335 828 peccamm,
1389 758 1551 828 quasi

382 835 583 886 contra
615 828 998 886 dilectionem.
1038 830 1106 884 Et
1134 827 1262 885 ideo
1313 840 1553 900 peccare

384 901 445 957 in
481 902 708 957 Patrem
737 906 794 957 et
830 900 1054 968 Filium,
1085 899 1178 956 hic
1205 899 1323 955 sive
1362 899 1420 956 in
1461 900 1549 956 fu-

380 976 511 1029 turo
548 971 900 1029 remittitur:
938 971 1072 1043 quia
1109 971 1207 1042 qui
1234 988 1303 1028 ex
1332 970 1550 1042 fragili-

380 1047 498 1100 tate
535 1044 625 1100 vel
653 1042 979 1116 ignorantia
1005 1046 1221 1115 peccat,
1261 1041 1408 1098 sicut
1445 1042 1550 1099 ali·

380 1126 556 1186 quam
593 1114 1013 1172 excusationem
1052 1115 1224 1171 habet
1258 1114 1318 1169 in
1364 1114 1549 1186 culpa,

376 1186 460 1243 ita
485 1187 655 1243 etiam
680 1186 931 1258 aliquam
961 1185 1357 1242 remissionem
1373 1187 1551 1242 habe·

379 1274 443 1313 re
470 1258 640 1314 debet
661 1258 718 1314 in
748 1274 921 1340 poena
944 1274 957 1313 z
982 1257 1098 1313 sive
1123 1255 1184 1313 in
1203 1257 1311 1312 hoc
1331 1258 1545 1326 secu10,

382 1327 431 1384 si
461 1329 814 1400 poenituerit,
852 1333 917 1385 ut
959 1327 1184 1385 facilius
1234 1342 1548 1400 consequa-

381 1406 476 1455 tur
514 1399 953 1470 indulgentiam3
996 1399 1114 1455 sive
1151 1397 1214 1454 in
1252 1398 1462 1467 future,
1503 1400 1549 1455 si

381 1470 444 1526 in
465 1473 614 1527 malo
632 1470 1099 1542 perseveraverit,
1116 1473 1176 1526 ut
1204 1470 1549 1526 tolerabilio-

378 1554 504 1598 rem
536 1542 742 1598 sentiat
770 1558 1018 1614 poenam.
1047 1541 1150 1608 Qui
1179 1557 1313 1598 vero
1343 1558 1407 1597 ex
1432 1557 1550 1597 ma-

378 1611 505 1669 litia
533 1618 788 1685 peccant,
820 1628 1016 1669 eorum
1044 1612 1311 1669 delictum
1337 1613 1552 1670 nullam

381 1685 803 1741 excusationem
851 1686 1056 1752 habet;
1108 1688 1166 1740 et
1213 1682 1342 1740 ideo
1384 1699 1554 1755 poena

384 1769 583 1812 eorum
613 1754 1009 1813 remissionem
1041 1756 1254 1811 babere
1287 1771 1405 1811 non
1451 1756 1552 1811 de·

377 1829 493 1896 bet,
517 1827 670 1898 quia,
701 1829 747 1883 si
768 1826 1141 1898 poenituerint
1165 1826 1224 1882 in
1252 1826 1362 1882 hoo
1391 1840 1554 1884 secu-

378 1897 456 1967 lo,
476 1899 648 1970 plena
662 1897 1044 1955 satisfactione
1061 1897 1370 1954 mulctandi
1387 1902 1518 1955 sunt
1534 1915 1550 1968 ;

336 2006 341 2011 -
380 1968 429 2026 si
487 1975 697 2039 autem,
760 1986 873 2026 non
938 1968 1327 2040 poenituerint,
1382 1969 1556 2042 plena

379 2040 750 2097 damnatione
800 2040 861 2095 in
906 2040 1097 2096 futuro
1144 2040 1333 2096 seculo
1386 2057 1553 2097 :non

384 2111 522 2182 quia
560 2110 969 2183 poenitentibus
996 2111 1163 2168 venia
1199 2111 1548 2182 denegetur;

383 2183 484 2238 sed
526 2182 659 2254 quia
688 2182 856 2254 pleno
886 2188 1137 2255 peccato,
1172 2182 1344 2254 plena
1385 2182 1551 2239 retri-

380 2253 539 2310 butio
591 2256 870 2311 debeatur
924 2271 938 2310 :
997 2276 1018 2304 ι
1053 2255 1177 2310 haec
1213 2255 1547 2311 Rev-nardus

379 2325 620 2397 Spiritus
652 2343 786 2397 ergo
813 2324 1182 2398 blasphemiae
1214 2341 1328 2381 non
1351 2324 1550 2382 remit-

380 2401 533 2453 tetur
570 2397 809 2466 homini,
857 2414 972 2453 non
1018 2397 1168 2469 quod
1209 2396 1265 2453 ei
1312 2402 1553 2468 negetur

372 2468 746 2537 remissimsi
784 2469 1088 2541 poeniteat;
1140 2468 1241 2526 sed
1291 2469 1425 2551 quia
1458 2468 1552 2526 hic

378 2540 767 2612 blasphemus,
807 2540 1163 2611 exigentibus
1189 2541 1356 2597 malis
1387 2540 1553 2598 meri-

377 2610 472 2682 tis,
505 2612 650 2668 sicut
680 2627 990 2683 numquam
1018 2612 1090 2668 ad
1122 2611 1546 2682 remissionem,

377 2681 459 2739 ita
487 2699 590 2739 nec
625 2684 698 2739 ad
734 2682 1131 2766 poenitentiam
1169 2689 1550 2755 perventurus

375 2759 480 2811 est.
513 2755 672 2811 Unde
702 2760 782 2811 ait
809 2758 1060 2812 Joannes
1089 2772 1102 2811 ε
1130 2759 1232 2811 Est
1263 2761 1550 2827 peceatum

376 2828 452 2881 ad
479 2831 726 2895 mortem,
757 2843 867 2882 non
895 2842 996 2897 pro
1025 2828 1122 2881 illo
1153 2827 1276 2881 dico
1304 2832 1369 2883 ut
1397 2832 1550 2895 roqet

379 2899 529 2967 quis.
553 2898 876 2953 Secundum
898 2898 1239 2964 Greqorium,
1259 2902 1549 2967 peccatum

381 2967 455 3023 ad
499 2972 741 3022 mortem
784 2974 871 3023 est
902 2972 1196 3038 peccatum
1246 2984 1426 3040 usque
1479 2969 1552 3026 ad

378 3043 645 3105 mortem,
673 3054 775 3110 pro
799 3054 909 3110 quo
942 3054 1057 3093 non
1083 3042 1168 3093 est
1192 3040 1545 3110 rogandum3

380 3109 515 3181 quia
535 3109 767 3180 scilicet,
800 3114 1097 3181 peccatum
1128 3110 1282 3179 quod
1312 3110 1404 3166 hic
1434 3127 1551 3167 non

376 3181 714 3238 emendatur
756 3187 813 3238 et
863 3180 1185 3252 corrigitur,
1228 3182 1349 3254 ejus
1386 3182 1551 3241 venia

374 3252 588 3310 frustra
618 3253 959 3325 postulatur.

452 3345 512 3380 12
568 3327 682 3380 Hoc
747 3341 1021 3381 raccaruu
1076 3339 1173 3379 nsi·
1232 3338 1548 3381 ossTmATm

375 3411 567 3451 uanus
593 3411 661 3452 Ex
691 3412 1109 3453 PRAESUMPTIONE
1147 3409 1251 3451 vm.
1288 3410 1549 3453 naseam-

371 3481 531 3523 nom:
581 3484 908 3524 PROCEDENS.
960 3495 1030 3509 --
1071 3470 1372 3525 Peccatum
1411 3483 1547 3539 ergo

376 3535 439 3594 in
480 3539 747 3610 Spiritum
788 3542 1054 3597 Sanctum
1088 3543 1176 3596 est
1217 3539 1547 3608 obstinatiO,

372 3609 460 3664 vel
494 3609 809 3680 pertinacia
837 3609 1047 3667 mentis
1081 3611 1138 3667 in
1171 3610 1425 3683 nequitia
1454 3612 1551 3668 ob-

381 3680 618 3751 duratae,
653 3683 967 3753 procedens
1006 3698 1073 3738 ex
1104 3682 1550 3754 praesumptione

377 3750 466 3806 vel
505 3767 571 3832 ex
608 3752 1025 3824 desperatione.
1072 3753 1174 3820 Qui
1216 3753 1369 3810 enim
1411 3768 1552 3824 prae-

376 3826 549 3878 sumit
593 3824 664 3879 de
714 3824 1101 3882 misericordia
1144 3824 1266 3894 Dei,
1317 3824 1550 3897 promit-

376 3896 505 3949 tens
536 3893 644 3951 sibi
681 3894 1097 3966 impunitatem,
1130 3901 1304 3968 atque
1340 3901 1549 3969 putans

379 3965 561 4021 Deum
608 3971 844 4036 peccata
890 3968 1171 4040 impunita
1202 3967 1548 4040 relinquere,

379 4051 448 4092 eo
479 4036 599 4108 ipso
626 4038 967 4109 obstinatur,
990 4040 1048 4095 id
1073 4044 1160 4097 est
1182 4039 1552 4112 pertinaciter

376 4106 438 4163 in
464 4114 696 4179 peccato
729 4111 1060 4179 obduratur,
1095 4116 1325 4184 peccata
1348 4125 1549 4183 pecca·

374 4178 449 4235 tis
475 4182 885 4252 superaddens
920 4186 986 4238 Et
1018 4181 1098 4239 ita
1126 4187 1323 4268 peccat
1351 4187 1552 4239 contra

366 4250 652 4324 justitiam
683 4253 922 4326 Spiritus
953 4257 1142 4313 Sancti
1174 4273 1187 4310 :
1221 4254 1316 4326 qui
1345 4254 1426 4310 ita
1451 4253 1552 4310 mi-

379 4321 623 4381 sericors
650 4330 732 4382 est
776 4325 834 4382 in
881 4327 1125 4400 J‘ustitia,
1155 4327 1306 4399 quod
1359 4330 1446 4383 est
1497 4329 1554 4382 et

371 4394 562 4466 Justus
611 4395 673 4454 in
722 4397 1157 4468 misericordia3
1211 4397 1308 4470 qui
1364 4399 1553 4456 oleum

2756 445 2850 499 215

1675 543 1851 599 habet
1896 557 2025 599 cum
2075 541 2232 613 vino,
2275 547 2333 602 et
2373 544 2497 603 viee
2519 561 2705 606 versa.
2736 548 2847 616 Qui

1674 618 1863 671 autem
1884 630 1987 686 pro
2030 617 2118 670 ter
2143 614 2592 685 magnitudinem
2613 618 2846 678 sceleris

1672 686 1940 757 desperat
2027 701 2076 766 e·
2101 684 2496 744 misericordia
2545 689 2669 760 Dei,
2705 696 2848 749 tam-

1672 773 1842 829 quam
1887 757 2218 827 magnitudo
2246 758 2462 828 peccati
2492 760 2580 816 sui
2615 760 2849 821 excedat

1667 827 2120 898 magnitudinem
2145 826 2554 886 misericordias
2584 832 2721 900 Dei;
2753 832 2843 890 in·

1671 901 1743 957 de
1772 898 2114 967 obstinatur,
2136 904 2370 971 peccata
2389 896 2637 972 peccatis
2653 917 2848 975 super—

1672 972 1913 1040 addenS,
1953 971 2025 1027 de
2060 974 2293 1041 peccato
2331 970 2394 1028 in
2429 977 2726 1044 peccatum
2759 974 2848 1032 ef-

1670 1044 1895 1100 frenata
1919 1041 2185 1099 libertate
2211 1058 2406 1113 ruenS,
2447 1059 2741 1117 quousque
2772 1045 2848 1104 ad

1671 1114 1963 1171 cumulum
2024 1113 2405 1170 damnationis
2454 1114 2659 1172 veniat.
2713 1117 2845 1187 Sed,

1673 1184 1931 1258 quamvis
1968 1189 2089 1241 tota
2126 1183 2297 1241 etiam
2335 1185 2579 1244 Trinitas
2615 1193 2850 1259 peccata

1673 1257 1959 1325 remittat;
1990 1256 2318 1314 hu‘usmodi
2335 1261 2529 1314 tamen
2551 1263 2848 1330 peccatum

1673 1329 1801 1385 ideo
1869 1272 2198 1410 speci-alliter·
2239 1328 2573 1410 attribuitur
2614 1329 2848 1403 Spiritui

1672 1401 1901 1467 Sancte,
1934 1415 2069 1470 quia
2107 1400 2142 1457 S
2187 1404 2351 1456 iritus
2399 1402 2638 1457 Sanctus
2684 1417 2849 1458 amor

1673 1475 1761 1527 est
1789 1469 1974 1527 Patris
2004 1475 2061 1526 et
2092 1470 2150 1527 Fi
2176 1469 2237 1540 ii,
2259 1475 2315 1527 et
2348 1470 2672 1542 benignitas
2696 1476 2846 1529 utro·

1672 1557 1932 1613 rumque.
1967 1542 2070 1609 Qui
2108 1549 2299 1599 autem
2318 1542 2407 1599 vel
2438 1542 2724 1614 desperat,
2754 1542 2844 1600 vel

1674 1611 1988 1685 praesumit,
2038 1612 2361 1685 specialiter
2402 1612 2537 1671 facit
2580 1613 2661 1670 illi
2693 1614 2845 1686 inju-

1673 1685 1844 1767 riam,
1871 1685 2029 1756 cujus
2048 1683 2385 1755 benignitati
2411 1684 2740 1743 attribuitur
2762 1700 2848 1743 re·

1676 1755 1871 1812 missio
1894 1759 2276 1828 peccatorum,
2334 1760 2498 1812 utans
2515 1770 2644 1814 eum
2666 1755 2850 1812 immi-

1676 1826 2022 1885 sericordem
2059 1843 2184 1884 esse
2220 1843 2288 1884 ve
2347 1826 2623 1898 injustum
2662 1845 2677 1884 ι
2714 1826 2849 1900 quia

1676 1898 1821 1957 sicut
1842 1914 1907 1955 ex
1925 1897 2315 1956 misericordia
2335 1902 2566 1970 peccata
2584 1898 2846 1969 remittit,

1674 1969 1755 2027 ita
1793 1986 1859 2028 ex
1884 1969 2107 2042 Justitia
2135 1985 2205 2027 ea
2231 1969 2511 2041 impunita
2537 1987 2653 2027 non
2680 1969 2850 2027 relin-

1676 2040 1817 2114 quit.
1841 2041 1986 2097 Male
2011 2054 2148 2123 ergo
2170 2042 2240 2098 de
2255 2040 2501 2113 justitia,
2529 2041 2618 2097 vel
2645 2043 2715 2098 de
2739 2040 2846 2098 ml·-

1674 2111 1987 2170 sericordia
2016 2114 2051 2168 S
2094 2114 2257 2168 iritus
2296 2111 2485 2168 Sancti
2521 2112 2716 2182 sentit,
2749 2110 2848 2184 qui

1674 2185 1940 2255 desperat
1978 2198 2050 2238 ·ve
2122 2181 2435 2254 praesumit.
2490 2182 2645 2240 Sicut
2707 2194 2845 2254 ergo

1672 2257 1905 2312 morbus
1938 2252 2265 2310 incurabilis
2308 2250 2534 2324 dicitur,
2575 2253 2670 2325 qui
2700 2249 2850 2311 dire-

1673 2330 1763 2383 cte
1794 2325 1945 2382 tollit
1977 2324 2232 2383 remedia
2259 2341 2362 2397 per
2380 2340 2508 2396 quae
2541 2341 2606 2381 ex
2650 2324 2845 2382 ellitur

1671 2398 1904 2455 morbus
1935 2401 1990 2454 et
2019 2403 2269 2466 curatur,
2305 2401 2365 2453 ut
2388 2412 2517 2453 cum
2547 2400 2607 2453 to
2631 2395 2697 2453 lit
2723 2396 2843 2453 vir-

1670 2475 1850 2528 tutem
1873 2474 2090 2528 naturae
2111 2468 2200 2525 vel
2227 2467 2437 2526 virium
2467 2466 2840 2540 naturalium,

1670 2544 1820 2599 Deus
1839 2547 2052 2611 tamen,
2077 2541 2172 2612 qui
2191 2545 2466 2622 estsuper
2494 2540 2689 2598 omnia
2708 2545 2841 2622 pot-

1629 2629 1630 2632 ¹
1669 2617 1755 2669 est
1808 2628 2009 2669 curare
2065 2612 2252 2681 illum3
2309 2628 2390 2667 sic
2432 2616 2730 2683 peccatum
2774 2627 2838 2668 1n

1671 2682 1947 2755 Spiritum
1977 2684 2267 2751 Sanctum,
2301 2682 2613 2739 contemnit
2656 2687 2714 2739 et
2745 2699 2842 2739 ex—

1669 2755 1845 2812 cludit
1875 2753 1975 2812 illa
2005 2771 2105 2825 per
2151 2767 2281 2826 quae
2327 2757 2621 2824 peccatum
2664 2754 2842 2810 debet

1671 2826 1859 2883 curari
1889 2831 1947 2884 et
1990 2825 2178 2896 vitari,
2227 2830 2293 2882 ut
2329 2825 2595 2883 timorem
2634 2823 2842 2881 divinoe

1663 2897 1919 2971 justitias,
1952 2903 2011 2955 et
2036 2911 2191 2970 spem
2222 2896 2424 2966 veniae,
2449 2912 2516 2953 ac
2543 2896 2843 2966 huJusmo-

1668 2968 1749 3037 di,
1781 2969 1943 3025 etsie
1968 2985 2034 3025 ex
2064 2969 2151 3025 sui
2195 2972 2402 3024 natura
2451 2965 2659 3022 dicitur
2695 2964 2842 3022 irre-

1669 3039 1975 3102 missibilez
2007 3042 2157 3096 Deus
2202 3042 2395 3094 tamen
2434 3052 2537 3094 sua
2568 3036 2839 3119 ‚benigni-

1668 3116 1807 3180 tate,
1857 3125 2024 3168 omne
2119 3114 2372 3167 eccatum
2434 3110 2839 3179 poenitentibus

1668 3182 1927 3240 remittit.
1981 3184 2064 3239 Un
2107 3198 2139 3238 e
2177 3180 2386 3237 dicitur
2420 3178 2839 3250 irremissibile,

1668 3254 1832 3327 quasi
1879 3253 1949 3311 de
1991 3252 2209 3310 difficili
2257 3255 2317 3308 et
2351 3251 2442 3310 vix
2470 3250 2835 3309 remissibile.

1667 3329 1749 3383 De
1803 3327 1911 3382 hac
1966 3324 2208 3382 materia
2263 3323 2344 3380 sic
2384 3322 2521 3381 dicit
2570 3324 2841 3393 Anqusti-

1666 3414 1771 3454 nus
1801 3416 1813 3455 :
1857 3418 1887 3451 «
1917 3395 2052 3455 Dico
2084 3395 2304 3454 caritati
2345 3400 2571 3466 vestrae,
2605 3395 2750 3452 forte
2778 3393 2840 3451 in

1669 3468 1931 3527 omnibus
1960 3468 2171 3527 sanctis
2202 3467 2505 3539 Scripturis
2535 3467 2694 3523 nulla
2716 3482 2838 3523 ma·

1660 3541 1755 3613 j0r
1796 3541 2055 3613 quaesfin,
2098 3541 2370 3611 nullaque
2408 3537 2699 3596 difficilior
2746 3537 2836 3593 in·

1668 3612 1910 3683 venitur,
1959 3612 2068 3670 nisi
2113 3613 2175 3669 in
2224 3626 2289 3667 eo
2338 3611 2493 3692 quod
2544 3608 2624 3664 ait
2670 3624 2684 3662 τ
2733 3605 2840 3674 Qui

1666 3683 2146 3756 blasphemaverit
2182 3681 2241 3738 in
2268 3682 2539 3753 Spiritum
2569 3680 2839 3735 Sanctum

1666 3771 1786 3811 non
1813 3755 1988 3811 habet
2010 3753 2406 3811 remissionem
2444 3750 2504 3806 in
2533 3754 2832 3807 oeternum.

1666 3827 1790 3881 Non
1819 3840 2059 3896 quocum
2105 3840 2177 3881 ue
2205 3823 2376 3880 modo
2402 3820 2836 3901 blasphemave-

1665 3895 1761 3965 rit,
1788 3911 1921 3952 reus
1949 3894 2060 3952 erit
2127 3895 2255 3966 ujus
2291 3890 2702 3948 irremissibilis
2734 3890 2836 3948 de·-

1665 3966 1822 4036 licti3
1869 3966 1969 4023 sed
2007 3966 2178 4022 modo
2218 3963 2486 4035 quodam,
2527 3977 2697 4033 quem
2729 3977 2836 4020 nos

1666 4051 1926 4111 quaerere
1954 4041 2125 4108 atque
2154 4034 2474 4105 intelligere
2505 4031 2704 4114 voluit,
2738 4031 2837 4104 qui

1665 4111 1814 4166 hanc
1865 4107 2206 4165 sententiam
2241 4121 2436 4164 veram
2490 4103 2836 4164 terribilem·

1668 4196 1779 4253 que
1831 4178 2204 4253 deprompsit.
2269 4182 2333 4235 ln
2381 4179 2447 4236 -S
2488 4174 2623 4233 iritu
2684 4175 2837 4232 enim

1670 4255 1899 4322 Sancto,
1942 4265 2053 4323 quo
2109 4250 2170 4333 in
2222 4261 2424 4333 unum·
2463 4248 2548 4333 ‘ei
2596 4248 2840 4331 populus

1669 4329 2074 4397 congregatur,
2099 4323 2321 4397 ejicitur
2340 4325 2573 4394 spiritus
2600 4333 2843 4378 immun·

1671 4396 1801 4468 dus,
1844 4395 2031 4471 quiin
2078 4394 2330 4471 seipsum
2371 4392 2586 4454 divisus
2612 4390 2838 4452 dicitur.
