3146 5023
359 407 423 458 66
1135 392 1349 445 PRIMAE
1403 394 1642 448 PARTIS
1695 394 1904 448 CAPUT
1963 395 2080 447 LIV

355 504 615 565 verantia
643 502 773 558 vitae
803 503 1136 571 assumptae,
1172 499 1307 555 dum
1337 499 1534 556 incon-

354 580 601 636 siderate
633 573 966 644 aggreditur
1018 571 1167 626 viam
1207 587 1378 641 quam
1422 588 1535 627 non

354 655 542 723 potest
582 640 880 717 perficere.
920 641 1075 721 Unde
1120 642 1253 722 buic
1295 642 1389 712 qui
1432 658 1532 724 ag-

354 720 611 793 greditur
640 716 789 770 viam
817 713 1183 785 perfectionis
1213 729 1536 768 necessaria

357 798 444 849 est
483 787 771 853 discretio,
805 790 863 840 ut
892 783 1214 839 consideret
1245 786 1291 839 si
1328 785 1538 839 babeat

357 862 496 919 illud
542 858 692 930 quod
738 856 811 911 ad
861 856 967 909 hoc
1020 854 1348 924 requiritur,
1382 856 1536 925 quod

358 939 444 990 est
472 929 742 986 fortitudo
774 925 947 982 animi
981 925 1053 980 ad
1095 925 1535 995 relinquendum

360 1005 552 1060 omnia
599 1006 657 1056 et
700 996 1099 1053 sustinendum
1147 998 1391 1051 adversa
1430 1013 1533 1066 pro

361 1074 521 1132 Deo}
561 1088 633 1127 ne
674 1072 903 1139 propter
942 1066 1410 1122 indiscretionem
1441 1084 1533 1121 re-

360 1145 512 1202 siliat
541 1145 612 1198 ab
643 1140 887 1210 incepto.
922 1139 987 1192 Et
1023 1139 1128 1192 boc
1159 1138 1408 1193 ostendit
1438 1154 1539 1208 per

363 1213 795 1272 similitudinem
853 1209 923 1264 de
975 1209 1198 1264 volente
1244 1209 1538 1265 aedificare

362 1286 589 1352 turrim,
626 1283 683 1337 id
724 1287 810 1337 est
856 1279 1087 1350 aggredi
1129 1279 1538 1349 perfectionem

366 1355 762 1425 Evangelicam
814 1355 870 1406 et
928 1350 1056 1405 vitae
1102 1350 1532 1417 sublimitatem,

365 1444 468 1500 per
528 1440 698 1497 quam
759 1420 967 1479 Christi
1020 1437 1214 1476 sumus
1253 1421 1534 1488 discipuli.

370 1501 472 1566 Qui
509 1513 645 1567 ergo
684 1491 893 1549 Christi
943 1492 1251 1563 discipulus
1302 1509 1448 1559 esse,
1483 1497 1538 1547 et

369 1569 478 1626 dici
520 1567 826 1631 desiderat,
857 1580 913 1618 se
934 1567 1047 1617 lens
1078 1564 1232 1633 prius
1269 1568 1541 1631 computet

368 1646 641 1708 sumptuS,
679 1639 778 1706 qui
820 1637 1115 1689 necessarii
1157 1640 1305 1695 sunt,
1354 1635 1407 1689 id
1458 1638 1543 1689 est

372 1712 695 1767 deliberans
745 1705 1085 1770 consideret,
1127 1708 1177 1757 si
1217 1706 1414 1758 habeat
1447 1721 1538 1760 re-

372 1781 561 1853 quista
607 1780 685 1832 aad
736 1776 1154 1845 perficiendum:
1203 1773 1247 1828 si
1291 1775 1538 1845 discipu-

371 1854 559 1908 lorum
602 1849 774 1903 vitam
826 1851 1041 1911 tenere,
1077 1845 1405 1913 patientiam
1439 1847 1539 1900 ha-

370 1925 526 1985 bere,
582 1921 838 1975 laborem
896 1916 1199 1982 sustinere,
1257 1921 1310 1970 et
1370 1916 1540 1971 simul

371 2009 501 2049 cum
546 1990 628 2047 eis
677 1987 879 2044 turrim
922 1986 1193 2041 virtutum
1228 1987 1536 2054 aedificare,

374 2070 573 2120 contra
601 2064 794 2117 hostes
825 2073 1078 2130 pugnare
1109 2063 1165 2113 et
1196 2064 1385 2113 cetera
1416 2075 1542 2128 quae

375 2140 688 2205 sequuntur
711 2146 881 2202 agere
910 2130 1111 2184 valeat.
1140 2131 1400 2199 Magnam
1432 2136 1544 2209 ete7

378 2207 492 2262 nim
548 2204 750 2260 turrim
804 2201 1091 2257 aedisicare
1153 2200 1387 2270 incipit,
1448 2216 1542 2269 qui

375 2278 546 2347 hujus
604 2273 803 2330 mundi
876 2273 1153 2338 bonoreS,
1211 2270 1438 2326 divitias
1490 2275 1546 2325 et

378 2347 685 2416 dignitates
742 2348 1129 2408 contemnenS,
1179 2341 1373 2395 omnia
1438 2341 1546 2396 ista

379 2415 666 2486 relinquit,
711 2419 768 2470 et
812 2412 1214 2483 Apostolorum
1268 2411 1441 2467 vitam
1480 2428 1546 2467 ac

379 2488 791 2545 monachorum
865 2482 1355 2539 conversationem
1419 2498 1546 2554 pro-

382 2560 585 2627 mittit3
615 2558 716 2613 sed
763 2556 867 2611 iste
905 2553 1065 2626 prius
1098 2561 1423 2625 computare
1455 2554 1548 2610 de-

379 2633 475 2689 bet
501 2645 671 2701 quam
706 2633 921 2683 arctam
946 2630 1001 2682 et
1031 2625 1376 2680 laboriosam
1397 2625 1547 2681 viam

381 2701 769 2773 aggrediatur,
826 2705 883 2754 et
940 2712 1110 2768 quam
1167 2712 1435 2776 magnum
1473 2701 1549 2778 ‘et

381 2773 613 2830 difficile
656 2786 801 2841 opus
846 2784 1019 2840 agere
1077 2767 1326 2838 incipiat.
1380 2769 1544 2835 Quia,

382 2845 693 2902 secundum
752 2842 1094 2908 Gregorium,
1160 2854 1331 2919 omne
1393 2839 1547 2909 quod

381 2919 623 2987 agimuS,
655 2911 968 2984 praevenire
999 2926 1101 2981 per
1130 2910 1380 2990 studium
1412 2927 1547 2991 con·

383 2984 748 3045 siderationis
788 2984 1079 3039 debemus.
1123 2982 1326 3038 Sedens
1353 2988 1545 3051 igitur,

384 3060 442 3115 id
490 3064 577 3115 est
626 3073 661 3113 a
708 3055 824 3111 vita
859 3053 1032 3110 veteri
1069 3058 1125 3108 et
1155 3068 1189 3107 a
1215 3052 1546 3108 tumultibus

386 3129 580 3186 mundi
606 3133 663 3183 et
685 3126 1016 3198 passionum
1042 3123 1325 3192 quietatus
1355 3130 1409 3178 et
1431 3123 1549 3192 qui-

385 3216 601 3264 escens,
634 3201 904 3264 computet
934 3200 991 3248 et
1011 3193 1313 3263 diligenter
1343 3194 1549 3249 discer-

386 3275 486 3325 nat
553 3265 906 3337 erogandam
979 3279 1104 3319 esse
1169 3264 1548 3320 substantiam

384 3338 779 3409 temporalem,
815 3340 872 3391 et
926 3351 1022 3390 cor
1063 3350 1098 3389 a
1146 3334 1549 3406 cupiditatibus

384 3409 778 3474 avertendum,
814 3411 872 3462 et
921 3403 1176 3460 animam
1219 3412 1419 3461 contra
1467 3422 1551 3461 se-

385 3481 493 3537 culi
549 3479 789 3535 adversa
847 3476 1306 3547 praeparandam.
1372 3477 1550 3532 Debet

385 3551 559 3609 etiam
618 3546 868 3619 cogitare
925 3547 971 3603 si
1027 3546 1236 3601 habeat
1290 3551 1549 3619 sumptus

383 3623 707 3696 spirituales
737 3620 1005 3675 virtutum
1035 3623 1091 3674 et
1113 3617 1395 3673 bonorum
1420 3634 1551 3688 ope-

383 3712 532 3764 rum,
563 3697 819 3763 sumptus
858 3689 1012 3745 enim
1059 3690 1401 3759 temporales
1446 3706 1546 3760 po-

384 3767 495 3823 tius
522 3762 826 3836 spargendi
869 3766 1024 3828 sunt,
1067 3766 1374 3830 antequam
1421 3776 1550 3815 con-

381 3836 692 3910 gregandi;
724 3839 775 3890 si
793 3835 1010 3894 habeat,
1048 3831 1301 3913 inquam,
1329 3833 1404 3887 ad
1420 3849 1545 3914 per3

379 3911 673 3981 ficienclum
728 3921 870 3978 opus
916 3904 1220 3971 intentum,
1267 3904 1325 3958 ld
1366 3908 1450 3959 est
1498 3918 1547 3959 si

382 3980 792 4046 humilitatem,
845 3973 1211 4056 patientiam,
1271 3974 1546 4030 obedien-

380 4053 540 4119 tiam,
583 4057 638 4107 et
688 4051 1170 4120 perseverantiam
1219 4061 1348 4116 quae
1408 4062 1544 4100 con-

380 4127 643 4188 summat,
678 4127 875 4175 tenere
917 4125 974 4174 et
1016 4116 1301 4173 custodire
1338 4116 1542 4184 valeat,

379 4193 502 4249 sine
562 4192 765 4263 quibus
817 4191 923 4244 hoc
990 4187 1294 4244 aedisicium
1344 4187 1544 4259 pertici

382 4280 495 4319 non
522 4266 725 4334 potest.
760 4263 1024 4329 Sumptus
1055 4260 1282 4328 quidem
1313 4263 1448 4314 sunt
1476 4274 1544 4315 ea

380 4350 508 4406 quae
543 4334 715 4389 debes
750 4335 886 4399 Deo,
924 4328 1049 4396 tibi,
1082 4332 1355 4400 proximo.
1388 4329 1540 4385 AEdi-

1652 501 1831 557 ficans
1879 516 2015 570 ergo
2064 498 2465 570 spiritualiter,
2524 500 2833 560 considera

1651 572 1697 626 si
1738 572 1949 639 sobrie,
1984 576 2040 627 et
2087 588 2178 641 pie
2209 577 2265 627 et
2292 573 2445 641 juste
2477 571 2724 641 vixeris;
2766 589 2834 629 ne

1650 648 2009 712 posteaquam
2067 646 2314 710 posuerit
2361 644 2827 710 fundamentum,

1692 714 1802 768 uod
1838 714 2098 769 consistit
2147 712 2202 768 iu
2253 714 2622 770 observantia
2659 730 2833 771 man-

1650 730 1938 851 datorum,
1981 790 2033 839 et
2087 801 2195 839 non
2250 789 2495 854 potuerit
2547 789 2826 855 perficere,

1649 871 1682 910 a
1728 856 1874 910 bono
1925 854 2216 925 proposito
2272 856 2639 924 declinand0,
2666 862 2725 912 et
2771 857 2831 913 in

1649 926 1893 981 aedificio
1918 927 2084 982 bonae
2106 927 2456 995 operationis
2479 927 2826 996 deficiendO,

1650 997 1975 1052 irrisionem
2031 997 2303 1078 patiatur,
2337 999 2409 1053 ab
2438 997 2686 1053 inimicis
2714 998 2829 1054 sci-

1649 1068 1780 1122 licet
1812 1068 2077 1138 malignis
2096 1068 2410 1137 spiritibuS,
2433 1069 2643 1124 nostris
2660 1068 2829 1125 bonis

1649 1138 1918 1208 operibus
1985 1155 2211 1208 semper
2272 1139 2712 1207 insidiant'ibus3
2775 1145 2834 1196 et

1650 1226 1831 1264 omnes
1865 1213 1965 1279 qui
1993 1212 2238 1265 viderint
2269 1226 2399 1265 eum
2449 1211 2718 1279 deficere,
2747 1214 2832 1266 in-

1652 1284 1865 1349 cipiant
1917 1283 2153 1335 illudere
2205 1285 2274 1344 ei,
2318 1287 2416 1337 aut
2472 1281 2734 1337 homines
2773 1282 2835 1338 in

1652 1351 1787 1417 vita,
1817 1356 1913 1406 aut
1944 1352 2234 1407 daemones
2267 1353 2324 1406 in
2359 1358 2562 1420 morte,
2598 1357 2696 1408 aut
2725 1355 2833 1409 Do·

1651 1421 1841 1477 minus
1872 1422 2193 1492 injudicio,
2227 1429 2282 1477 et
2308 1423 2481 1478 etiam
2509 1425 2703 1480 Sancti
2729 1423 2828 1494 qui

1652 1509 1823 1562 super
1877 1509 2007 1547 eum
2056 1493 2341 1561 ridebunt,
2374 1496 2649 1549 dicentes:
2683 1495 2829 1561 Quia

1651 1566 1739 1617 hic
1771 1566 1926 1618 homo
1959 1570 2120 1634 coepzt
2167 1567 2457 1634 aedificare,
2491 1565 2601 1621 iter
2633 1565 2822 1636 perfe-

1652 1633 1853 1689 ctionis
1879 1636 2243 1703 assumendo,
2278 1642 2328 1690 et
2356 1653 2462 1690 non
2491 1640 2673 1706 potuit
2702 1653 2823 1691 eon·

1651 1722 1943 1765 summare.
1984 1706 2043 1761 in
2094 1706 2318 1777 incepto
2375 1707 2822 1777 perseverando.

1653 1776 1762 1832 Sed
1809 1775 1947 1846 quid
1976 1776 2024 1831 ei
2059 1778 2299 1845 coepisse
2329 1779 2585 1847 prodest,
2624 1778 2672 1833 si
2705 1778 2819 1834 sal·

1654 1863 1755 1901 vus
1786 1863 1902 1901 non
1934 1850 2087 1903 erit?
2117 1850 2237 1904 Non
2264 1848 2416 1904 enim
2438 1848 2534 1918 qui
2565 1849 2822 1920 coeperit,

1654 1918 1776 1985 sed,
1807 1922 1868 1972 ut
1899 1917 1978 1973 ait
2016 1922 2335 1988 Apostolus,
2377 1923 2476 1989 qui
2506 1936 2825 1991 persevera-

1653 1992 1812 2051 verit,
1846 1991 1933 2043 hic
1959 1988 2149 2045 salvus
2178 1994 2302 2045 erit.

1728 2064 1760 2113 8
1818 2060 2082 2124 Qunam
2139 2080 2541 2118 mrssnmssx‘rtm
2579 2079 2594 2117 t
2629 2079 2832 2119 s‘rULTA

1655 2147 2010 2185 CONFIDENTIA
2067 2149 2122 2186 IN
2184 2150 2429 2187 PROPRIIS
2475 2151 2712 2189 VIRIBUS.
2762 2164 2831 2177 ·-

1657 2201 1933 2267 Quartum
1990 2201 2458 2272 impedimentum
2517 2209 2603 2260 est
2651 2204 2829 2260 confi-

1658 2271 1854 2326 dentia
1904 2273 2089 2328 stultae
2147 2274 2489 2342 securitatiS,
2526 2275 2663 2331 dum
2703 2275 2830 2345 quis

1658 2343 1893 2398 contidit
1932 2342 1990 2397 in
2023 2346 2330 2400 securitate
2360 2362 2592 2401 suarum
2623 2345 2832 2402 virium

1659 2412 1746 2468 vel
1778 2412 2133 2482 meritorum,
2166 2415 2373 2486 quibus
2404 2416 2685 2473 violenter
2713 2433 2834 2473 cre-

1659 2484 1741 2540 dit
1785 2485 2013 2542 coeleste
2065 2503 2302 2559 regnum
2347 2487 2625 2556 obtinere,
2658 2492 2715 2545 et
2761 2505 2831 2545 ex

1659 2555 1879 2612 meritis
1928 2558 2131 2612 salvari
2178 2560 2371 2629 Juste;
2402 2561 2502 2615 sed
2546 2559 2682 2630 quia
2715 2576 2834 2616 non

1659 2632 1862 2697 potest,
1892 2644 2020 2682 cum
2076 2630 2263 2685 nullus
2319 2630 2538 2686 meritis
2585 2630 2705 2686 suis
2755 2631 2832 2687 ad

1659 2697 1900 2767 gloriam
1961 2700 2286 2770 pertingere
2345 2702 2544 2772 possit,
2587 2701 2694 2757 nisi
2747 2718 2834 2757 se-

1660 2768 1777 2823 veri
1801 2772 1830 2825 J
1839 2769 2019 2824 udicis
2041 2771 2322 2826 sententia
2350 2777 2700 2843 temperetur
2727 2788 2835 2844 per

1662 2839 2133 2910 misericordiam,
2167 2859 2398 2899 necesse
2442 2850 2528 2899 est
2572 2849 2633 2899 ut
2681 2859 2833 2914 prae-

1660 2911 1889 2966 mittens
1940 2912 2286 2981 legationem
2342 2914 2723 2985 lacrymarum
2782 2919 2843 2971 et

1660 2987 1904 3052 operum
1923 2983 2227 3051 bonorum,
2257 2991 2416 3054 roget
2438 3002 2505 3041 ea
2527 3002 2651 3056 quae
2675 2985 2835 3057 pacis

1660 3059 1791 3108 sunt
1820 3058 1876 3109 et
1909 3054 1980 3108 ad
2011 3071 2209 3124 pacem
2247 3056 2453 3112 animae
2488 3056 2782 3127 pertinent
2812 3073 2830 3125 3

1659 3124 1718 3178 in
1749 3132 2051 3194 conspectu
2092 3125 2243 3181 enim
2282 3128 2403 3197 ejus
2439 3127 2628 3182 omnis
2657 3128 2835 3184 homo

1659 3194 2020 3265 imperfectus
2060 3202 2146 3252 est
2189 3204 2245 3252 et
2282 3199 2473 3253 nullus
2517 3199 2729 3268 justuS.
2761 3201 2834 3254 Et

1659 3267 1768 3320 hoc
1817 3266 2066 3322 ostendit
2126 3284 2228 3338 per
2276 3268 2711 3325 similitudinem
2759 3269 2837 3327 de

1659 3352 1796 3406 rege
1840 3338 2065 3394 volente
2104 3344 2436 3395 committer-e
2487 3342 2687 3395 bellum
2731 3341 2835 3395 ad-

1660 3424 1849 3462 versus
1906 3410 2079 3464 alium
2128 3426 2329 3478 reqem,
2370 3411 2487 3482 qui,
2536 3426 2666 3467 cum
2713 3426 2837 3467 non

1657 3481 1835 3548 possit
1873 3496 1993 3535 cum
2034 3481 2212 3535 decem
2262 3484 2510 3537 millibus
2553 3497 2838 3540 occurrere

1661 3555 1713 3605 et
1752 3554 1851 3620 qui
1901 3554 2049 3606 venit
2086 3553 2161 3606 ad
2198 3569 2254 3608 se
2298 3570 2419 3608 eum
2465 3556 2673 3621 viqinti
2707 3554 2841 3608 mil-

1663 3622 1828 3685 libuS,
1866 3622 2068 3692 quaerit
2114 3639 2333 3694 pacem.
2373 3626 2427 3681 Si
2479 3641 2578 3680 rex
2622 3640 2656 3680 a
2694 3639 2837 3694 rege

1662 3708 1861 3762 pacem
1892 3693 2116 3763 quaerit,
2149 3696 2323 3751 multo
2371 3695 2569 3765 magis·
2594 3710 2697 3750 nos
2738 3694 2832 3750 in-

1659 3763 1857 3819 firmos
1889 3780 2019 3819 cum
2053 3767 2168 3821 Deo
2209 3783 2405 3836 pacem
2445 3767 2658 3822 habere
2688 3781 2836 3821 con-

1659 3834 1834 3905 gruit.
1865 3834 1966 3890 Hic
2004 3835 2214 3907 quippe
2247 3836 2526 3908 accipitur
2554 3854 2674 3902 rex,
2709 3836 2836 3907 qui-

1660 3921 1901 3974 cumque
1964 3909 2080 3961 vult
2142 3909 2374 3978 aggredi
2434 3913 2648 3965 statum
2697 3922 2836 3979 per-

1659 3975 1940 4044 feetioniS,
2002 3977 2135 4047 quia
2192 3979 2361 4035 debet
2416 3981 2565 4035 bene
2628 3993 2838 4049 regere

1658 4047 2026 4117 operationes
2055 4054 2112 4104 et
2139 4049 2513 4121 cogitationes
2543 4065 2677 4105 suas
2707 4063 2838 4105 om-

1661 4134 1878 4187 nesque
1944 4136 2143 4175 sensus
2212 4138 2344 4176 suos
2409 4121 2712 4177 interiores
2775 4124 2844 4176 et

1659 4189 1997 4258 exteriores3
2037 4197 2093 4245 et
2125 4193 2295 4248 babet
2325 4192 2685 4249 committere
2709 4190 2840 4248 bel-

1656 4259 1779 4315 lum
1829 4259 1899 4316 ad
1941 4261 2275 4332 rapiendum
2323 4263 2430 4320 sibi
2470 4264 2700 4324 coeleste
2735 4277 2843 4318 re-

1654 4346 1850 4403 gnum,
1882 4332 2015 4404 quia
2050 4349 2276 4402 remum
2306 4337 2559 4391 eoeIorum
2588 4337 2701 4390 vim
2721 4350 2839 4405 pa-
