3146 5023
440 394 532 450 ΠΟ
1156 391 1380 447 PRIHAE
1429 392 1671 447 unns
1717 391 1928 446 CAPUT
1980 390 2176 445 vau

440 500 630 569 ἔειπε,
641 497 878 571 mystice
894 497 1123 567 quidem
1139 496 1241 555 Dei
1256 496 1490 577 verbum
1506 503 1615 578 est,

444 576 506 628 et
532 585 722 627 sermo
750 570 821 626 de
848 568 1092 637 christu,
1120 568 1217 639 qui
1245 567 1380 624 dum
1411 567 1617 625 dividi-

443 648 563 709 tur,
593 646 833 712 augetur
857 656 873 695 t
906 640 977 696 de
1000 642 1197 711 paucis
1223 638 1375 695 enim
1399 652 1616 697 sermo·

443 711 633 781 nibus,
662 712 927 768 omnibus
947 710 1176 782 populis
1204 709 1618 767 redundantem

446 782 775 841 alimoniam
803 780 1167 838 ministravit.
1196 780 1363 839 Dedit
1400 795 1617 839 sermo·

441 868 547 910 nes
588 852 778 921 nobis,
825 852 978 909 velut
1019 869 1217 925 panes,
1275 855 1373 923 qui
1423 858 1620 911 nostro

454 923 595 980 dum
652 923 908 980 libantur
944 940 1065 995 ore,
1109 922 1506 996 germinantur
1539 942 1555 983 ε
1588 945 1618 981 »

449 994 576 1053 haec
597 995 942 1051 Ambrosius.

521 1087 588 1122 ιο
601 1068 844 1122 Eiusne!
858 1082 1109 1122 iunctm
1126 1083 1622 1128 nummum-rmum

448 1153 630 1194 »mnu
650 1153 960 1193 musmo
972 1154 1296 1196 uommse-
1311 1141 1621 1212 moraliter,

463 1223 570 1281 per
613 1208 913 1279 Apostolos
950 1207 1340 1280 intelliguntur
1365 1213 1622 1284 praelati3

464 1295 570 1351 per
598 1279 851 1350 quinque
880 1296 1055 1361 panes
1086 1281 1437 1341 hordeaceos
1458 1284 1623 1354 quin-

468 1364 582 1422 que
609 1351 761 1407 bona
809 1350 1144 1431 spiritualia,
1188 1354 1394 1423 quibus
1416 1355 1625 1427 „anima

459 1436 499 1479 a
535 1423 654 1478 Deo
706 1421 959 1479 reficitur
1012 1422 1074 1479 in
1127 1425 1417 1495 praesenti,
1469 1426 1626 1485 Sicut

464 1492 622 1549 enim
676 1491 736 1549 in
796 1493 966 1550 domo
1014 1495 1439 1565 patrisfamilias
1479 1498 1626 1554 solet

463 1579 594 1620 esse
621 1563 911 1636 multiplex
952 1565 1140 1636 panis,
1178 1567 1431 1625 scilicet:
1485 1585 1624 1638 pau-

461 1649 684 1707 perum,
717 1636 1080 1704 famulorum,
1121 1637 1391 1708 filiorum,
1439 1639 1623 1696 domi-

467 1721 673 1763 norum
740 1712 797 1763 et
833 1707 1174 1776 amicorum3
1225 1708 1307 1765 sic
1356 1709 1416 1766 in
1452 1711 1623 1767 domo

464 1777 729 1847 Dei,quae
753 1783 837 1833 est
862 1778 1273 1858 Ecclesia,sunt
1287 1779 1515 1838 diversa
1531 1798 1624 1853 ge·

466 1863 607 1903 nera
637 1864 848 1918 panum
875 1849 1271 1920 spiritualium.
1310 1882 1374 1894 —-
1399 1852 1626 1910 Primus

467 1923 554 1973 est
580 1917 745 1988 panis
773 1926 988 1976 naturae
1021 1926 1079 1977 et
1105 1921 1465 1980 abstinentiae
1492 1940 1619 1981 cor-

459 1989 706 2060 poralis;
740 1988 832 2045 hic
863 1995 951 2047 est
985 1991 1152 2063 panis
1187 2009 1523 2066 pauperum,
1561 1994 1621 2051 id

449 2063 539 2116 est
601 2065 979 2132 peccatorum,
1023 2065 1173 2121 hunc
1215 2064 1366 2123 enim
1413 2082 1619 2137 panem

445 2128 687 2214 largitur
713 2133 986 2191 Dominus
1011 2134 1184 2192 etiam
1207 2137 1617 2208 peccatoribus,

494 2220 553 2260 ui
604 2221 733 2262 vere
779 2221 1058 2287 pauperes
1095 2213 1259 2277 sunt;
1314 2209 1386 2265 de
1441 2224 1510 2265 eo
1556 2208 1620 2267 in

504 2279 656 2331 enesi
688 2277 898 2333 dicitur
927 2294 943 2334 ε
985 2281 1050 2334 In
1077 2280 1275 2335 sudore
1308 2282 1496 2334 vultus
1534 2282 1619 2334 tui

453 2350 685 2401 vesceris
710 2365 854 2416 pane
882 2353 994 2416 tim,
1027 2353 1084 2404 et
1134 2349 1193 2403 in
1223 2349 1368 2406 lsaia
1396 2368 1413 2404 ε
1447 2351 1619 2406 Dabit

448 2417 554 2472 tibi
578 2420 841 2471 Dominus
859 2431 1059 2487 panem
1088 2424 1321 2488 arctum,
1343 2424 1396 2474 et
1410 2437 1616 2490 aquam

453 2486 681 2569 breuem.
723 2489 898 2543 istum
934 2503 1139 2560 panem
1167 2489 1443 2549 debemus
1471 2507 1615 2563 pau-

447 2560 683 2630 peribus
746 2559 1184 2632 communicare,
1247 2562 1298 2619 si
1357 2564 1618 2621 volumus

450 2630 604 2757 ἓξὲξ
639 2630 791 2758 {25¹3
833 2635 1223 2762 ἓέῗὲἳὲεἳῖι
1250 2635 1616 2778 {2253}

454 2788 570 2828 non
599 2773 845 2845 placent,
872 2774 981 2831 nisi
1015 2776 1386 2848 eleemosynis
1414 2783 1618 2835 ornata

449 2848 603 2900 sunt.
661 2875 735 2887 -
768 2846 1059 2903 Secundus
1092 2852 1180 2904 est
1213 2847 1376 2920 panis
1480 2849 1620 2907 oeni-

454 2915 647 2971 tentiae
673 2914 963 2987 luctualis;
992 2919 1086 2975 hic
1113 2923 1200 2976 est
1229 2920 1393 2991 panis
1453 2938 1616 2979 amu-

458 2985 663 3054 lorum,
708 2989 780 3045 de
815 3006 927 3061 quo
972 2988 1032 3046 in
1072 2991 1314 3049 Psalmis
1362 2992 1569 3052 dicitur
1598 3012 1616 3049 ε

452 3062 694 3116 Fuerunt
745 3065 889 3118 mihi
943 3064 1197 3133 lacrymae
1243 3080 1373 3120 meae
1421 3081 1616 3135 panes,

457 3130 553 3185 die
587 3149 654 3187 ac
686 3139 857 3199 nocte.
886 3136 956 3190 Et
984 3133 1195 3191 iterum
1221 3156 1235 3191 ε
1271 3136 1493 3192 cibabis
1520 3151 1619 3191 nos

446 3216 595 3269 pane
650 3204 1041 3274 lacrymarum,
1096 3210 1150 3260 et
1215 3211 1410 3276 potum
1457 3208 1620 3262 dabis

456 3272 613 3324 nobis
649 3274 710 3324 in
744 3273 1026 3342 lacrymi8‚
1067 3276 1128 3331 in
1162 3292 1440 3346 mensura,
1472 3276 1620 3332 scili-

459 3342 548 3393 cet
583 3343 988 3413 proportionis,
1030 3344 1089 3401 id
1145 3352 1233 3402 est
1286 3362 1390 3417 pro
1443 3346 1615 3402 modo

449 3409 772 3479 culparum3
799 3413 931 3494 quia
960 3421 1234 3484 quantum
1262 3416 1434 3472 homo
1464 3416 1617 3472 dele-

459 3483 644 3535 ctatus
677 3483 763 3535 est
805 3499 865 3538 in
901 3485 1167 3554 peccatis,
1196 3490 1420 3540 tantum
1444 3486 1621 3542 debet

452 3565 514 3606 se
550 3552 805 3621 affligere
846 3553 905 3608 in
940 3552 1291 3625 poenitentiae
1327 3554 1616 3615 lamentis,

459 3623 614 3679 Hunc
643 3638 846 3695 panem
883 3624 982 3681 dat
1011 3624 1305 3693 Dominus,
1344 3640 1447 3696 per
1475 3643 1629 3699 prae-,

457 3693 607 3751 latos
651 3695 1076 3766 poenitentibuS,
1127 3695 1448 3753 inducendo
1519 3714 1621 3755 eos

448 3765 523 3822 ad
552 3765 973 3836 contritionem,
989 3773 1046 3825 et
1072 3766 1419 3840 injungendo
1440 3768 1623 3841 poeni·

454 3837 713 3896 tentiam.
744 3867 815 3881 —
841 3839 1062 3896 Tertius
1094 3845 1183 3896 est
1249 3838 1373 3896 anis
1397 3840 1620 3898 intelle-

454 3911 656 3967 ctualis
705 3915 764 3966 et
806 3910 1175 3978 doctrinalis3
1260 3909 1310 3967 ‘c
1341 3915 1429 3968 est
1459 3911 1623 3984 panis

470 3978 740 4050 filiorum,
770 3982 843 4039 de
889 4000 1002 4054 quo
1043 3982 1104 4040 in
1149 3983 1454 4054 Evangelio
1490 3982 1626 4040 dici-

441 4054 562 4107 tur
590 4071 605 4108 ε
636 4058 758 4110 Non
812 4060 892 4111 est
927 4056 1123 4112 bonum
1177 4070 1387 4111 sumere
1466 4071 1624 4111 anem

464 4124 727 4192 filiorum,
757 4129 815 4180 et
839 4125 900 4181 in
931 4124 1324 4183 Ecclesiastico
1360 4143 1373 4181 ε
1445 4127 1625 4182 ibavit

474 4195 636 4251 illum
658 4212 808 4266 pane
836 4200 962 4252 taeit
999 4204 1051 4253 et
1099 4200 1426 4255 intellectus.
1461 4199 1623 4254 Hunc

463 4278 675 4332 panem
702 4265 987 4322 ministrat
1022 4267 1296 4326 Dominus
1332 4267 1620 4337 fidelibus,

467 4347 571 4401 per
606 4335 873 4405 praelatos
919 4342 973 4392 et
1024 4343 1337 4406 curatores,
1383 4340 1621 4397 verbum

1729 495 1833 555 Dei
1876 494 2239 567 seminando,
2281 511 2746 569 unumquemque
2792 514 2900 572 pro

1726 568 1956 625 modulo
1973 583 2075 624 suo
2103 567 2407 639 pascendo.
2440 599 2509 610 —
2535 569 2783 636 Quartus
2811 574 2902 629 est

1727 638 1891 711 panis
1919 638 2286 695 Eucharistiae
2307 639 2773 710 sacramentalis;
2804 640 2903 699 hic

1729 716 1816 767 est
1867 709 2031 783 panis
2095 710 2478 780 dominorum,
2530 711 2603 768 de
2656 728 2768 783 quo
2835 711 2901 770 in

1732 782 2038 857 Evangelio
2081 781 2292 839 dicitur
2335 799 2351 838 ι
2399 786 2517 851 Eoo
2558 799 2683 838 sum
2860 787 2873 799 ’

1728 856 1909 922 vivus,
1960 855 2059 924 qui
2102 855 2169 909 de
2209 855 2338 909 coelo
2381 854 2656 911 descendi.
2715 801 2784 912 ἔτ
2837 854 2902 913 in

1729 923 2001 996 Apostolo
2018 943 2035 980 ε
2054 925 2251 981 Probet
2259 930 2444 983 autem
2461 928 2703 996 seipsum
2719 927 2900 998 homo,

1733 1003 1786 1052 et
1815 999 1898 1051 sic
1925 996 1993 1050 de
2017 1012 2166 1066 pane
2188 997 2289 1051 illo
2319 997 2467 1052 edat.
2502 998 2662 1054 Hunc
2690 1012 2902 1069 panem

1733 1067 1833 1124 dat
1856 1066 2152 1149 Dominus·
2166 1082 2270 1139 per
2291 1067 2561 1148 praelatos
2590 1067 2820 1125 mundis
2842 1071 2903 1126 et

1732 1142 1971 1211 puccato
2000 1140 2446 1201 dominantibus.
2515 1138 2609 1196 uia
2648 1139 2901 1197 immun-

1733 1209 1824 1266 dis
1851 1213 1910 1265 et
1930 1211 2096 1266 malis
2124 1214 2241 1267 non
2264 1214 2353 1266 est
2375 1210 2485 1267 dan
2528 1227 2614 1268 us·
2636 1241 2705 1252 —
2727 1209 2903 1279 Quin-

1735 1284 1828 1337 tus
1856 1284 1944 1338 est
1984 1279 2154 1353 panis
2199 1280 2516 1338 devotionis
2569 1282 2899 1352 internalis;

1734 1350 1830 1408 hic
1858 1357 1946 1409 est
1975 1352 2142 1425 panis
2194 1351 2532 1422 amicorum,
2582 1353 2714 1409 licet
2744 1352 2901 1410 enim

1734 1422 2144 1494 paterfamilias
2199 1424 2410 1482 habeat
2438 1423 2520 1489 ⁴in
2568 1424 2737 1480 domo
2796 1437 2903 1482 sua

1734 1509 1944 1565 panem
1983 1496 2218 1563 bonum,
2238 1500 2432 1552 tamen
2459 1495 2659 1552 amicis
2698 1510 2899 1567 super-

1734 1565 2095 1623 venientibus
2122 1566 2326 1637 quaerit
2341 1566 2657 1636 meliorem,
2687 1567 2759 1623 de
2789 1581 2902 1638 quo

1733 1635 1794 1692 in
1819 1636 1964 1693 lsaia
1989 1637 2193 1694 dicitur
2217 1654 2233 1693 ε
2268 1640 2396 1692 Erit
2420 1638 2587 1707 panis
2617 1644 2774 1693 terrae
2809 1653 2905 1694 no·

1729 1712 1858 1762 strae
1879 1708 2184 1762 uberrimus
2203 1711 2256 1762 et
2276 1710 2527 1777 pinquis.
2562 1710 2679 1764 Duo
2703 1712 2905 1767 autem

1732 1776 1914 1848 pisces
1930 1777 2294 1834 dulcorantes
2311 1777 2416 1833 hos
2426 1794 2603 1849 panes
2619 1782 2754 1833 sunt
2767 1793 2906 1849 spes

1729 1846 1913 1903 veniae
1942 1851 2000 1904 et
2047 1863 2211 1904 amor
2247 1846 2380 1914 Dei;
2427 1849 2514 1904 vel
2574 1847 2905 1906 intellectus

1730 1923 1789 1976 et
1816 1917 2092 1989 operatio,
2126 1917 2283 1991 quia,
2316 1918 2440 1975 sine
2474 1918 2559 1975 eis
2588 1919 2778 1975 nullus
2801 1934 2905 1991 pa-

1731 2006 1869 2046 num
1916 1990 2156 2047 istorum
2188 1995 2277 2047 est
2312 1990 2564 2062 sapiduS.
2596 1988 2726 2047 Istis
2763 2006 2903 2050 vero

1734 2060 1988 2135 quinque
2025 2060 2271 2133 panibus
2303 2066 2362 2118 et
2393 2063 2620 2119 duobus
2647 2060 2903 2132 piscibus

1733 2132 1920 2191 reficit
1949 2133 2223 2191 Dominus
2256 2132 2507 2190 animam
2533 2134 2591 2189 in
2629 2131 2901 2204 praesenti

1728 2203 2010 2272 effective,
2049 2210 2106 2261 et
2162 2205 2431 2286 praelatus
2476 2204 2811 2260 ministeri0.
2853 2203 2900 2262 Ο

1727 2289 1898 2349 quam
1928 2274 2059 2331 felix
2085 2291 2278 2332 anima
2300 2280 2387 2332 est
2417 2276 2533 2341 illa,
2556 2276 2707 2347 apud
2727 2289 2901 2346 quam

1724 2344 1939 2406 inventi
1969 2346 2180 2403 fuerint
2229 2345 2323 2402 isti
2364 2363 2545 2418 panes
2588 2352 2646 2404 et
2692 2344 2896 2417 pisam,

1725 2425 1788 2477 ut
1823 2416 1896 2472 de
1926 2432 1996 2474 ea
2026 2416 2248 2475 dicatur
2275 2441 2287 2474 z
2320 2421 2422 2474 Est
2456 2436 2595 2489 puer
2620 2434 2761 2473 unus
2788 2420 2899 2488 hio,

1726 2494 1826 2565 qui
1865 2489 2027 2546 habet
2063 2492 2309 2561 quinque
2336 2506 2509 2561 panes
2543 2494 2594 2546 et
2630 2490 2765 2546 duos
2803 2491 2899 2562 pi-

1727 2562 1874 2622 sces!
1928 2564 2038 2619 Per
2088 2578 2329 2634 puerum
2366 2561 2519 2618 enim
2559 2560 2901 2633 intelligitur

1728 2630 1920 2695 fidelis
1966 2633 2158 2692 anima
2195 2650 2231 2690 a
2267 2633 2516 2705 puritate
2552 2627 2901 2690 innocentiae

1728 2725 1871 2780 puer
1900 2705 2071 2775 dicta,
2128 2719 2256 2775 quae
2303 2707 2361 2760 in
2412 2704 2668 2775 quolibet
2718 2702 2898 2775 fideli,

1730 2778 1904 2836 etiam
1944 2774 2186 2833 obnoxio
2243 2776 2512 2847 peccatis,
2575 2777 2747 2833 debet
2797 2790 2901 2847 per

1729 2847 2125 2924 poenitentiam
2157 2849 2435 2919 reparari,
2467 2848 2542 2904 ad
2580 2846 2731 2919 quod
2750 2861 2901 2904 asse-

1731 2923 2022 2995 quendum
2069 2919 2437 2991 requiruntur
2492 2918 2744 2992 quinque
2793 2933 2899 2990 pa-

1731 3011 1865 3065 nes;
1897 2998 1954 3051 et
1991 2990 2090 3064 qui
2118 2992 2296 3049 habet
2319 2990 2469 3060 illos,
2494 2996 2582 3047 est
2595 3006 2728 3046 vere
2757 3003 2900 3059 puer

1730 3064 2122 3137 EvangelicuS.
2151 3095 2223 3105 -
2242 3066 2340 3120 Est
2367 3068 2424 3119 et
2443 3061 2604 3133 panis
2619 3058 2901 3142 coelestis»,

1733 3153 1906 3206 quem
1945 3134 2136 3193 Sancti
2165 3133 2592 3191 manducabunt
2614 3148 2673 3210 ιιι
2702 3146 2904 3210 mensa

1732 3205 1964 3273 Christi,
2002 3205 2074 3260 de
2131 3220 2241 3274 quo
2303 3202 2363 3257 in
2417 3204 2565 3256 Luca
2617 3201 2830 3254 dicitur
2881 3218 2899 3257 ε

1714 3280 1931 3333 -Beatus
1960 3277 2061 3344 qui
2090 3271 2452 3337 manducabit
2482 3285 2681 3339 panem
2719 3272 2780 3324 in
2808 3286 2900 3326 re-

1729 3363 1835 3415 qno
1870 3348 1991 3402 Dei.
2022 3346 2091 3399 Et
2117 3344 2189 3399 de
2218 3340 2328 3398 ista
2356 3340 2794 3396 manducatione
2818 3340 2903 3399 di-

1728 3417 1876 3473 citur
1902 3415 1961 3471 in
1990 3413 2223 3470 eodem:
2246 3415 2319 3472 Et
2346 3427 2441 3479 eqo
2462 3412 2693 3481 dispono
2719 3412 2899 3483 vobis,

1726 3490 1870 3544 sicut
1917 3486 2192 3556 disposuit
2245 3485 2387 3539 mihi
2428 3485 2592 3538 Pater
2636 3498 2789 3539 meus
2820 3499 2902 3540 re-

1728 3573 1919 3627 qnum,
1948 3561 2012 3611 ut
2049 3555 2230 3612 edatis
2260 3558 2312 3610 et
2342 3555 2544 3610 bibatis
2570 3570 2735 3625 super
2757 3571 2904 3613 men·

1727 3645 1847 3684 sam
1873 3643 2051 3683 meam
2075 3629 2137 3683 in
2159 3641 2326 3695 reqno
2351 3641 2489 3681 meo·

1806 3721 1864 3756 ιι
1899 3699 2037 3766 Quin
2059 3715 2177 3754 sm‘r
2202 3714 2442 3761 Qumoun
2460 3714 2630 3753 ranas
2656 3713 2713 3752 m
2733 3713 2899 3756 ssnsu

1731 3771 1994 3827 usrico‘?
2023 3800 2095 3811 —
2124 3768 2413 3826 Moraliter
2442 3768 2613 3825 etiam
2638 3767 2805 3824 simul
2842 3771 2900 3828 et

1732 3840 2059 3914 allegorice,
2140 3844 2199 3896 et
2253 3839 2566 3910 anagogice
2617 3837 2898 3920 faciamus

1732 3911 1873 3985 quin
1913 3927 1986 3969 ue
2016 3927 2194 3984 panes
2222 3910 2597 3984 poenitentiae,
2628 3910 2899 3967 doctrmae

1733 3990 1790 4041 et
1813 4001 1875 4041 re
1900 3981 2140 4041 ectionis
2173 3988 2422 4040 aeternae.
2453 3980 2743 4039 Moraliter
2772 3996 2899 4053 poe-

1733 4054 1993 4112 nitentiae
2041 4053 2292 4137 quinque
2336 4058 2470 4111 sunt
2518 4067 2696 4124 panes
2715 4094 2732 4122 ,
2783 4050 2898 4109 sci·

1732 4125 1865 4184 licet
1896 4144 1911 4184 z
1944 4142 2108 4208 panis
2143 4123 2617 4205 compunctionis,
2653 4138 2898 4204 9¹.⁰⁰!²‘

1730 4196 2078 4255 sideratione
2103 4195 2342 4268 peccati;
2362 4211 2528 4276 panis
2547 4194 2898 4276 afflictioms,

1731 4284 1800 4325 ex
1826 4267 2277 4325 consideratione
2321 4268 2609 4322 Passioms
2623 4334 2635 4347 ⁶
2649 4265 2861 4322 Christi
2879 4304 2897 4334 ,

1729 4354 1902 4409 quem
1928 4338 2027 4395 ille
2051 4336 2318 4418 comedit,
2355 4336 2451 4407 qui
2476 4335 2897 4394 considerando
