3146 5023
333 384 427 439 242

339 486 1296 640 Βῗῗὲῖεὲοᾷεἳρῗᾆῖῒέῗὲἒωω
1322 489 1507 616 ἔξῗὲἰῐ

337 630 542 687 nacula
565 650 584 685 ε
604 630 733 686 talis
760 644 912 710 enim
942 644 1001 684 1n
1032 634 1216 685 morte
1260 646 1504 702 pauper-

334 701 518 758 rimus
545 700 655 758 erit
681 719 701 757 =
733 715 867 771 qma
894 701 1256 763 thesaurizat,
1274 707 1327 757 et
1350 704 1506 770 iquo-

334 778 428 828 rat
460 775 549 828 eui
583 770 940 840 wnqreqabit
972 787 1062 839 ea,
1090 786 1164 828 an
1194 771 1365 829 tineae
1400 772 1503 830 de·

334 841 614 911 molienti,
640 858 714 899 an
752 841 863 898 furi
892 842 1210 907 effodienti,
1248 859 1325 900 an
1352 844 1505 901 hosti

333 913 642 985 diripienti,
667 929 740 970 an
769 911 887 984 igni
932 913 1264 983 devoranti3
1316 920 1370 971 et
1396 932 1507 972 non

333 991 414 1041 est
437 988 499 1041 in
520 988 691 1041 Deum
708 985 884 1053 dives,
908 984 1044 1056 quia
1063 1001 1274 1042 vacuus
1294 992 1382 1043 est
1408 988 1506 1044 bo·

332 1056 422 1113 nis
435 1055 846 1129 spiritualibus,
867 1061 927 1112 et
943 1056 1070 1113 sine
1091 1058 1365 1114 thesauro
1385 1074 1506 1116 me-

330 1127 598 1198 ritorum,
644 1128 807 1200 cujus
857 1144 954 1184 exs
1028 1128 1200 1185 ctatio
1251 1146 1370 1186 non
1420 1135 1507 1186 est

331 1199 734 1269 Dominus,nee
762 1199 913 1272 apud
981 1216 1114 1256 eum
1129 1206 1219 1256 est
1240 1203 1506 1259 substan·

331 1271 415 1327 tia
446 1272 589 1344 ejus.
628 1273 690 1327 1n
718 1272 898 1327 Deum
935 1287 1182 1343 namque
1215 1271 1316 1329 ille
1345 1273 1505 1329 dives

331 1348 440 1412 est,
472 1343 568 1414 qui
591 1341 923 1399 transitoria
945 1347 1337 1412 contemnens,
1368 1360 1505 1416 pau·

330 1414 567 1486 peribus
622 1430 692 1471 ea
734 1413 962 1482 tribuit;
1007 1415 1168 1486 cujus
1211 1421 1504 1487 exspecta-

329 1484 411 1542 tio
439 1490 528 1543 est
556 1485 854 1553 Dominus,
885 1486 1044 1558 cujus
1073 1487 1415 1556 substantia,
1445 1487 1504 1543 id

329 1565 418 1614 est
440 1557 787 1615 conscientia
810 1557 976 1627 fides,
1001 1562 1059 1614 et
1072 1557 1365 1639 possessio
1390 1574 1505 1630 qua

331 1633 685 1686 sustentatur
722 1634 895 1700 atque
971 1637 1203 1697 ascitur,
1234 1635 1321 1685 est
1349 1630 1502 1701 apud

330 1702 513 1758 Deum
540 1718 658 1758 non
679 1701 739 1757 in
768 1716 933 1757 saecu
961 1699 1010 1755 's
1048 1704 1106 1755 et
1132 1700 1501 1758 inferioribus

329 1775 499 1828 terrae
527 1773 717 1854 hujus.
750 1771 860 1829 Sed
879 1811 895 1839 ,
920 1776 984 1827 ut
1012 1770 1149 1827 dicit
1182 1772 1497 1842 Greqorius,

326 1846 487 1899 tanto
514 1858 753 1914 qulsque
787 1841 976 1897 minus
1004 1842 1180 1911 dolet,
1215 1843 1367 1914 quod
1394 1844 1498 1901 de-

329 1917 461 1970 sunt
487 1919 734 1983 aeterna3
777 1918 987 1984 quanto
1037 1912 1222 1984 magis
1265 1914 1497 1987 gaudet,

326 1985 480 2057 quod
515 1984 728 2042 adsunt
754 1983 1113 2057 temporalia.
1158 1984 1261 2042 Ubi
1286 1987 1440 2042 Beda
1479 2004 1496 2044 ε

331 2077 363 2108 «
397 2057 475 2126 Si,
514 2056 565 2113 is
602 2056 700 2128 qui
736 2055 846 2113 sibi
883 2055 1246 2126 thesaurizat,
1284 2061 1343 2114 et
1384 2074 1500 2114 non

328 2132 416 2184 est
442 2127 506 2184 in
526 2130 709 2185 Deum
748 2127 926 2197 dives,
955 2128 1161 2185 stultus
1190 2134 1279 2185 est
1332 2134 1389 2185 et
1436 2129 1498 2186 in

325 2204 492 2257 nocte
522 2200 869 2273 rapiendus;
917 2215 1053 2273 ergo
1084 2199 1178 2271 qui
1209 2201 1327 2257 vult
1371 2217 1499 2258 esse

324 2268 387 2326 in
424 2273 602 2328 Deum
634 2271 814 2340 dives,
846 2287 960 2327 non
995 2269 1100 2326 sibi
1126 2271 1493 2342 thesaurizet,

326 2341 430 2398 sed
465 2358 732 2413 possessa
765 2340 1111 2413 pauperibus
1148 2341 1451 2398 distribuat
1479 2359 1494 2398 :

326 2410 408 2468 sie
440 2412 596 2469 enim
623 2412 851 2484 sapiens
892 2416 952 2467 et
978 2411 1131 2467 filius
1181 2411 1326 2470 lucis
1365 2430 1496 2472 esse

326 2482 658 2541 merebitur.
693 2482 850 2541 Unde
877 2482 1022 2540 bene
1065 2488 1123 2540 et
1168 2483 1492 2559 Psalmista,

322 2571 455 2612 cum
481 2556 554 2613 de
600 2571 773 2614 avaro
820 2553 1079 2628 quolibet
1125 2555 1300 2614 divite
1346 2574 1495 2631 prae·

324 2626 612 2686 misisset:
643 2629 753 2686 Sed
774 2633 828 2684 et
859 2629 1079 2697 frustra
1114 2630 1494 2701 conturbatur,

324 2701 667 2757 thesaurizat
694 2705 747 2784 ep
777 2703 999 2783 ianorat
1023 2703 1114 2783 cu}
1144 2703 1497 2771 conqreqabit

322 2771 1108 2918 5302233352355333033}
1126 2773 1500 2917 32¹¹&ssth

321 2920 403 2971 est
429 2933 526 2974 eaes
569 2918 765 2974 octatio
789 2932 910 2972 mea
927 2917 956 2971 ?
974 2918 1166 2975 Nonne
1185 2919 1450 2974 Dominus
1469 2920 1499 2973 ?

321 2990 398 3044 Et
443 2934 763 3047 msstantia
818 3003 941 3046 mea
992 2987 1147 3062 apud
1183 2992 1235 3044 te
1285 2994 1366 3045 est
1419 3011 1434 3049 ε
1465 3007 1496 3043 »

323 3058 450 3117 baec
471 3063 642 3119 Beda.

391 3136 424 3186 6
448 3133 552 3199 Qm
595 3150 731 3190 sum·
776 3148 902 3190 nme
953 3148 1119 3188 mvm
1163 3148 1388 3188 smnus.
1427 3161 1498 3176 -

320 3201 433 3258 Per
477 3202 649 3258 istum
693 3219 829 3275 ergo
874 3204 1107 3260 divitem
1157 3202 1497 3273 intelligitur

317 3270 504 3328 omnis
548 3273 720 3328 homo
758 3289 1116 3346 congregans
1154 3279 1212 3330 et
1262 3289 1495 3331 conser-

315 3357 457 3400 vans
482 3342 634 3399 bona
664 3343 1022 3413 temporalia,
1053 3350 1118 3401 ut
1145 3344 1278 3401 inde
1313 3344 1495 3401 otiose

315 3416 375 3471 et
392 3411 661 3470 deliciose
684 3413 875 3470 vivere
897 3415 1104 3485 possit;
1138 3420 1195 3470 et
1222 3414 1491 3485 frequen-

315 3489 406 3542 ter
418 3483 694 3558 contingit
707 3483 858 3556 quod
871 3484 1014 3541 tales
1031 3484 1217 3541 subito
1234 3484 1488 3540 moriun-

314 3561 430 3629 tur,
454 3560 511 3614 et
540 3555 620 3613 sic
647 3572 682 3612 a
704 3555 995 3629 proposito
1018 3569 1120 3611 suo
1149 3553 1489 3610 defraudan-

312 3633 424 3687 tur.
467 3630 610 3686 Cum
652 3627 762 3684 isto
795 3628 947 3683 enim
990 3624 1163 3683 divite
1212 3627 1270 3681 et
1323 3625 1486 3682 multi

312 3701 486 3758 hodie
514 3700 709 3758 dicunt
735 3698 884 3770 apud
909 3714 971 3756 se
1000 3715 1015 3755 ι
1042 3699 1085 3754 Ε
1126 3697 1302 3767 ulare,
1332 3696 1484 3755 laeta-

311 3788 398 3842 re,
434 3772 682 3846 quiesce,
721 3771 922 3843 plenus
964 3786 1031 3829 ex
1122 3768 1269 3838 onis,
1299 3774 1482 3840 utere,

312 3844 479 3902 laetus
503 3845 652 3914 eris;
685 3860 803 3900 non
825 3859 961 3901 curo
992 3840 1185 3915 qualia
1212 3841 1330 3898 sint
1354 3846 1485 3912 post

311 3932 405 3972 me
435 3922 715 3989 tempora,
751 3916 853 3972 fiat
882 3921 1100 3972 tantum
1130 3928 1237 3985 pax
1263 3917 1321 3995 et
1358 3914 1483 3968 fer-

310 3987 486 4047 tilitas
529 3987 588 4044 in
640 3988 840 4044 diebus
869 3989 1029 4044 meis.
1074 3985 1184 4043 Sed
1243 3989 1483 4067 tlmeant

310 4061 454 4117 tales
487 4075 559 4117 ne
583 4059 768 4116 subito
797 4064 857 4116 et
897 4057 1203 4133 improvise
1227 4072 1480 4114 ammam

307 4131 381 4188 ab
435 4132 518 4189 eis
560 4131 786 4205 rapiant
836 4131 1125 4187 daemones
1163 4137 1473 4211 exactpreS.

310 4202 473 4260 Unde
503 4204 649 4260 bene
690 4203 762 4259 de
813 4202 1025 4260 talibus
1065 4204 1122 4257 et
1172 4200 1475 4272 similibuS,

308 4270 391 4329 sic
423 4272 562 4331 dicit
598 4274 949 4344 Auqustinus
987 4289 1004 4328 t
1052 4290 1081 4325 (ι
1131 4271 1346 4354 Gaudet
1388 4269 1476 4346 pi-

308 4342 441 4416 scis,
472 4344 700 4415 quand·
724 4344 957 4402 hamum
980 4358 1098 4400 non
1124 4343 1345 4412 videnS,
1382 4357 1472 4399 es·

1036 384 1261 438 1¹81!AE
1322 383 1560 437 Panrls
1614 384 1818 438 carm·
1872 385 2111 439 Lxxvlt

1621 504 1748 545 cam
1776 488 2043 556 devorat3
2084 489 2189 545 sed
2232 506 2363 548 cum
2393 493 2643 563 piscator
2670 514 2802 555 eum

1619 560 1905 617 adducere
1945 561 2204 632 coeperit,
2252 565 2469 620 viscera
2513 568 2639 637 ejus
2677 574 2798 625 tor-

1619 637 1871 711 quentur
1898 630 2107 712 prium,
2138 632 2347 690 deinde
2375 637 2448 693 ab
2471 639 2628 694 omni
2659 640 2801 697 laeti-

1619 705 1700 759 tia
1722 718 1827 758 sua
1855 717 1957 773 per
1984 719 2001 757 1
2111 719 2167 759 m
2194 719 2410 773 escam,
2440 708 2513 764 de
2545 725 2663 781 qua
2697 712 2798 768 lae-

1615 777 1771 830 tatus
1808 779 1914 843 est,
1958 789 1994 830 a
2071 778 2567 849 consumptionem
2614 783 2796 840 trahi-

1616 848 1730 901 tur.
1771 846 1864 902 Sic
1906 850 2042 901 sunt
2077 862 2300 919 omnes,
2355 850 2455 921 qui
2514 852 2586 909 de
2630 854 2799 911 bonis

1616 915 2028 998 temporalibus
2073 918 2273 976 beatos
2321 937 2384 978 se
2423 927 2643 993 putant.
2678 928 2799 983 Ha-

1619 1003 1775 1044 mum
1810 1004 1969 1046 emm
2020 997 2364 1061 acceperunt
2417 998 2476 1049 et
2520 1011 2652 1051 cum
2689 996 2793 1054 illo

1617 1065 1919 1129 vagantur,
1947 1060 2138 1117 veniet
2181 1067 2405 1135 tempus
2446 1069 2511 1121 ut
2542 1066 2796 1124 sentiant

1619 1135 1832 1201 quanta
1856 1135 2145 1188 tormenta
2168 1149 2300 1190 cum
2321 1135 2595 1194 aviditate
2623 1138 2796 1196 devo-

1616 1206 1892 1258 raverunt
1935 1219 1951 1259 :
1998 1222 2028 1255 »
2083 1204 2209 1260 haec
2251 1207 2626 1272 Anqustinus.
2656 1209 2793 1277 Quis

1616 1270 1945 1344 intelligens
1966 1274 2090 1330 haec
2114 1274 2173 1331 in
2200 1275 2414 1335 divitiis
2437 1295 2599 1350 spem
2627 1296 2792 1338 suam

1615 1350 1813 1415 ponet,
1826 1361 1954 1401 cum
1984 1351 2040 1402 et
2056 1346 2270 1404 divitiae
2288 1354 2406 1406 tam
2433 1350 2598 1408 facile
2622 1351 2789 1410 amit-

1616 1421 1835 1484 tantur,
1874 1421 1933 1473 et
1963 1417 2135 1474 bomo
2187 1424 2305 1475 tam
2345 1422 2535 1478 subito
2578 1422 2792 1480 moria-

1616 1489 1755 1543 tur?
1793 1488 1898 1554 Qui
1937 1491 2091 1545 enim
2119 1489 2231 1547 ista
2272 1493 2423 1549 bene
2450 1494 2788 1563 attenderet,

1615 1557 1688 1615 de
1707 1558 1859 1614 facili
1884 1561 1956 1616 ab
1986 1561 2227 1618 avaritia
2263 1569 2509 1622 caveret.
2535 1568 2698 1634 Nam,
2725 1570 2791 1622 ut

1613 1628 1696 1685 ait
1734 1633 2104 1712 flieronymus
2134 1648 2150 1688 ε
2184 1634 2435 1713 «facile
2474 1636 2789 1694 contemnit

1613 1715 1829 1769 omma,
1861 1718 1957 1773 qm
2004 1718 2065 1758 se
2111 1710 2323 1773 cog1tat
2358 1706 2723 1765 moriturum.
2754 1729 2785 1759 »

1611 1774 1837 1828 Divitiae
1863 1788 1990 1840 erqo
2005 1775 2060 1827 si
2083 1776 2344 1843 affluant,
2369 1779 2490 1833 noli
2512 1794 2656 1835 cora
2771 1808 2788 1822 ·

1611 1859 1779 1913 ner-03
1809 1847 1867 1899 et
1894 1843 1944 1924 si
1972 1859 2090 1900 non
2113 1845 2370 1926 affluant,
2412 1847 2531 1904 noli
2566 1795 2784 1906 solffi-

1612 1918 1706 1970 tus
1732 1930 1838 1985 pro
1867 1931 1952 1972 eis
1993 1931 2141 1985 esse,
2179 1931 2253 1973 ne
2279 1918 2575 1975 immunda
2617 1925 2784 1990 peste

1613 1985 1920 2043 maculeris
1956 1986 2229 2044 avaritiae.
2260 1989 2425 2058 Nam,
2455 1993 2521 2046 ut
2543 1990 2624 2047 ait
2650 1992 2788 2047 Am-

1614 2057 1852 2122 brosius,
1883 2074 2084 2115 omnes
2111 2058 2323 2131 cupidi,
2363 2076 2562 2117 omnes
2602 2061 2786 2133 avari,

1612 2127 1765 2185 Giezi
1791 2130 2009 2201 lepram
2036 2146 2168 2187 cum
2213 2130 2426 2189 divitiis
2452 2132 2572 2188 suis
2598 2133 2782 2204 possi-

1612 2198 1785 2267 dent;
1819 2206 1898 2270 et,
1949 2206 2013 2257 ut
2040 2201 2179 2258 dicit
2222 2204 2658 2272 chrysostomus,
2685 2204 2782 2276 qui

1611 2270 1867 2327 avaritiae
1897 2270 2091 2340 servit,
2123 2276 2182 2328 et
2208 2274 2591 2344 praesentibus
2624 2291 2780 2332 com-

1609 2341 1851 2414 pedibus
1883 2342 2319 2414 constringitur,
2364 2350 2425 2401 et
2451 2345 2661 2403 futuris
2694 2346 2779 2405 in-

1611 2412 1826 2469 cendiis
1870 2420 2248 2486 praeparatur.
2289 2414 2509 2474 Dicitur
2557 2422 2779 2474 tantum

1609 2484 1826 2542 malum
1854 2501 1982 2544 esse
2005 2485 2066 2543 in
2096 2485 2324 2545 inferno
2355 2489 2509 2561 quod
2553 2504 2778 2561 semper

1610 2556 1830 2627 sitiant,
1876 2563 1935 2615 et
1984 2575 2297 2631 numquam
2349 2560 2665 2629 satientur;
2722 2565 2781 2616 et

1609 2629 1757 2685 hanc
1785 2646 2015 2701 poenam
2045 2631 2200 2688 avari
2223 2632 2344 2703 jam
2375 2631 2778 2704 sustinenuqui

1606 2704 1826 2756 tantam
1858 2700 2225 2771 cupiditatem
2266 2702 2600 2774 acquirendi
2631 2702 2780 2759 divi-

1607 2770 1717 2827 tias
1753 2772 1986 2843 habent,
2015 2777 2082 2828 ut
2101 2773 2256 2830 nullo
2280 2774 2451 2831 modo
2473 2773 2773 2831 satientur.

1609 2842 1768 2900 Unde
1821 2843 1958 2899 dicit
2015 2846 2264 2900 Basilius
2308 2845 2379 2902 de
2424 2844 2534 2902 isto
2581 2844 2775 2914 divite,

1608 2915 1761 2986 quod
1797 2915 2008 2972 horrea
2036 2915 2268 2988 quidem
2312 2918 2624 2990 crepabant
2656 2932 2778 2988 prae
2815 2949 2818 2952 π

1608 2985 1773 3069 copia
1799 2987 2192 3057 conditorum;
2217 3004 2424 3046 avarus
2448 2996 2638 3045 tamen
2658 2988 2780 3059 ejus

1608 3073 1834 3115 animus
1854 3075 2216 3131 nequaquam
2240 3060 2606 3132 implebatur.
2638 3060 2776 3127 Quae

1607 3135 1694 3186 est
1744 3130 1856 3187 ista
1887 3130 2128 3187 aviditas
2174 3132 2490 3201 hominum,
2522 3147 2650 3189 cum
2686 3130 2775 3202 ip-

1606 3199 1727 3258 sius
1771 3202 1976 3258 belluae
2029 3202 2264 3258 modum
2315 3219 2434 3259 non
2487 3201 2778 3259 habeant?

1604 3273 1765 3328 Tune
1814 3271 1967 3327 enim
2009 3272 2216 3328 belluae
2259 3272 2513 3344 rapiunt,
2545 3272 2777 3345 quando

1602 3339 1894 3411 esuriunt3
1924 3347 2163 3413 parcunt
2199 3358 2336 3398 vero
2379 3344 2613 3414 praedae,
2644 3359 2777 3402 cum

1601 3412 1958 3468 saturitatem
1987 3411 2259 3467 sentiunt.
2298 3413 2662 3483 Inexplebilis
2689 3420 2779 3471 est

1599 3482 1840 3540 avaritia
1871 3481 2191 3552 hominum,
2240 3498 2471 3554 semper
2502 3483 2678 3555 rapit,
2715 3491 2776 3543 et

1598 3569 1913 3626 numquam
1939 3552 2214 3623 satiatur;
2237 3570 2343 3612 nec
2371 3557 2553 3612 Deum
2582 3553 2770 3625 timet,

1595 3641 1701 3682 nec
1719 3623 2008 3681 hominem
2022 3631 2336 3697 reveretur,
2356 3642 2463 3684 nee
2478 3626 2627 3700 patri
2647 3643 2773 3699 par·

1594 3696 1689 3768 eit,
1738 3712 1843 3753 nec
1892 3701 2132 3754 matrem
2176 3697 2456 3770 agnoscit,
2502 3713 2618 3756 non
2655 3700 2771 3755 fra-

1592 3767 1666 3825 tri
1694 3769 2070 3841 obtemperat,
2091 3785 2210 3827 non
2238 3770 2413 3827 fidem
2443 3770 2626 3827 amico
2654 3786 2769 3827 ser·
2789 3821 2806 3834 ,,

1591 3845 1713 3909 vat;
1765 3839 1999 3897 viduam
2049 3840 2338 3912 opprimit,
2378 3841 2767 3913 pupillumque

1589 3910 1828 3969 invadit.
1861 3914 1996 3980 Quae
2024 3917 2112 3968 est
2140 3912 2365 3970 insania
2393 3916 2537 3982 hmo,
2569 3911 2763 3982 acqui-

1587 3999 1717 4040 rere
1767 4000 1994 4053 aurum,
2024 3988 2081 4039 et
2131 3986 2368 4056 perdere
2418 3984 2666 4041 coelum?
2696 3984 2765 4039 Ut

1589 4060 1778 4112 autem
1803 4054 2150 4111 dicitPetrus
2168 4060 2498 4120 numianus,
2523 4054 2767 4113 avaritia

1588 4127 1753 4199 quasi
1805 4143 1999 4199 biceps
2055 4143 2141 4182 est
2190 4145 2424 4184 coiuoer
2463 4144 2478 4196 ;
2517 4139 2765 4197 utroque

1587 4198 1882 4256 consuevit
1914 4214 2012 4255 ore
2063 4198 2346 4268 mordere,
2393 4206 2639 4271 utroque
2672 4212 2766 4279 pe-

1586 4270 1849 4328 stiferum
1878 4271 2033 4325 virus
2063 4267 2470 4338 influere‚dum
2501 4274 2599 4327 aut
2622 4268 2760 4328 alie-

1584 4357 1660 4398 na
1714 4358 1806 4399 res
1874 4346 2153 4413 quaeritur
2180 4358 2195 4409 ;
2274 4346 2393 4410 aut,
2447 4340 2760 4399 secundum
