3146 5023
421 397 517 452 130

423 519 571 569 esse,
590 506 723 558 utet
749 499 999 570 ipsorum
1021 492 1404 551 necessarium
1427 490 1605 571 multa

425 574 827 633 abscindamus
863 584 898 624 a
943 565 1128 622 nobiS.
1179 566 1490 634 Propterea
1524 562 1608 617 d1-

423 648 616 703 cebat:
649 643 851 710 Vulpes
896 640 1084 705 foveas
1115 635 1333 698 habent,
1375 639 1427 689 et
1456 634 1608 688 volu-

422 732 536 779 cres
566 715 685 769 coeli
712 712 914 775 nidos,·
947 710 1125 764 Filius
1156 711 1336 760 autem
1369 707 1607 760 hominis

418 802 526 841 non
548 784 708 839 habet
722 781 819 835 ubi
838 782 1004 849 caput
1027 779 1272 833 reclinet.
1296 777 1609 847 Propterea

415 862 470 912 et
510 854 568 909 in
599 851 889 908 montibus
924 865 1094 974 (luam
1124 846 1435 920 plurimum
1467 863 1605 903 con-

416 929 697 991 versatur,
723 938 837 977 non
873 937 935 976 so
963 936 1057 975 um
1096 919 1150 974 in
1181 918 1295 988 die,
1326 919 1427 974 sed
1453 922 1508 974 et
1547 918 1608 972 in

411 1001 599 1065 nocte,
619 1000 674 1050 et
703 992 761 1048 in
783 991 1026 1049 desertis
1050 1008 1063 1046 ε
1093 1012 1122 1041 »
1147 991 1270 1046 haec
1293 989 1612 1059 Chrysosto-

414 1082 560 1123 mus,
616 1064 936 1120 Considera
975 1062 1152 1118 etiam
1182 1060 1318 1133 quia
1339 1059 1608 1132 discipuli

415 1153 532 1194 non
580 1136 915 1192 deserebant
957 1132 1258 1201 victualia3
1301 1132 1421 1200 sed,
1463 1134 1610 1187 hora

413 1207 752 1267 comedendi
773 1206 1051 1276 instante,
1082 1203 1244 1262 ibant
1271 1205 1342 1260 ad
1369 1220 1606 1275 compa-

411 1281 654 1337 randum
677 1295 765 1335 ea.
792 1278 949 1333 Unde
972 1275 1127 1332 idem
1152 1278 1604 1345 chrysostomus:

415 1374 445 1401 «
477 1351 761 1407 Discimus
791 1354 981 1405 autem
1014 1346 1241 1404 Domini
1269 1363 1387 1402 non
1419 1347 1607 1403 solum

409 1421 563 1478 circa
584 1422 792 1478 itinera
811 1419 1063 1475 validum
1086 1420 1281 1489 robur,
1311 1418 1413 1474 sed
1435 1420 1609 1474 etiam

410 1495 562 1550 circa
595 1493 810 1550 cibaria
840 1489 987 1561 negli
1034 1490 1264 1547 entiam.
1299 1491 1420 1545 Non
1459 1489 1610 1545 enim

411 1564 678 1637 discipuli
748 1566 873 1636 ejus
926 1563 994 1617 de
1022 1563 1258 1617 erebant
1326 1559 1606 1637 victualia,

409 1637 511 1692 sed
553 1635 839 1692 viaticula.
885 1636 952 1688 Et
999 1633 1147 1685 bene
1201 1628 1448 1682 ostendit
1497 1628 1606 1680 hoc

410 1706 558 1763 alius
583 1704 956 1772 Evangelista,
984 1699 1197 1762 dicens,
1228 1710 1354 1749 cum
1385 1695 1454 1747 de
1484 1693 1602 1748 fer-

408 1781 603 1830 mento
628 1773 1042 1828 Pharisaeorum
1073 1771 1129 1820 et
1159 1764 1602 1819 Sadducaeorum

407 1843 489 1899 eis
514 1843 859 1910 loqueretur,
883 1836 1010 1890 illos
1030 1834 1309 1904 cogitasse
1332 1833 1484 1889 intra
1517 1850 1600 1903 se,

406 1912 661 1967 dicentes
696 1927 707 1962 :
741 1907 885 1973 Quia
911 1920 1083 1974 panes
1105 1921 1220 1960 non
1246 1904 1599 1977 accepimus3

403 1987 461 2038 et
507 1995 638 2036 cum
690 1977 1001 2034 esurientes
1049 1974 1288 2045 inducit,
1349 1981 1406 2032 et
1457 1976 1601 2033 inci—

405 2053 604 2108 dentes
635 2049 819 2123 spicas
853 2053 909 2104 et
942 2048 1304 2104 comedentes
1334 2065 1347 2116 ;
1387 2052 1444 2103 et
1472 2064 1599 2104 cum

404 2123 541 2179 dicit
570 2125 599 2178 J
607 2138 762 2177 esum
795 2122 867 2176 ad.
886 2120 1060 2175 ficum
1090 2124 1323 2191 propter
1352 2118 1600 2175 esuriem

401 2194 640 2250 venisse.
695 2192 843 2247 Nihil
893 2191 1047 2247 aliud
1084 2206 1187 2262 per
1228 2192 1352 2246 haec
1406 2192 1602 2246 omnia

407 2281 522 2321 nos
542 2263 748 2331 erudit,
787 2277 957 2332 quam
1009 2263 1137 2329 hoc,
1202 2261 1415 2317 scilicet
1463 2278 1597 2316 con-

406 2341 663 2390 temnere
693 2339 972 2402 ventrem,
1025 2337 1083 2388 et
1133 2348 1249 2387 non
1280 2331 1596 2388 studiosam

405 2407 528 2477 ejus
577 2404 862 2460 aestimare
901 2419 1026 2459 esse
1093 2401 1591 2459 ministrationem.

403 2480 629 2533 Intuere
678 2474 942 2546 equidem
977 2489 1076 2531 eos
1130 2477 1185 2529 et
1240 2473 1352 2543 hic,
1407 2489 1595 2545 neque

402 2549 725 2605 deferentes
768 2546 966 2617 utique
1010 2544 1166 2627 quid,
1212 2562 1417 2616 neque,
1460 2547 1595 2616 quia

399 2636 516 2676 non
555 2620 861 2691 portabant
908 2623 1101 2674 statim
1136 2617 1208 2673 ab
1262 2616 1423 2673 initio
1478 2617 1632 2694 diei⁴

404 2692 573 2763 hujus
613 2689 886 2746 sollicitas
917 2705 930 2758 ;
961 2689 1081 2758 sed,
1113 2688 1426 2744 secundum
1454 2693 1594 2744 tem-

402 2778 529 2835 puS,
562 2761 877 2818 secundum
913 2760 1067 2831 quod
1096 2775 1293 2814 omnes
1332 2759 1590 2830 pulmen-

405 2839 525 2891 tum
577 2832 879 2904 accipiunt,
944 2847 1104 2887 escas
1169 2836 1586 2901 comparantes,

402 2907 527 2962 Non
561 2910 623 2961 ut
656 2921 758 2959 nos
789 2906 960 2967 certe,
1006 2901 1103 2974 qui
1140 2917 1269 2957 mox
1309 2918 1340 2957 e
1383 2903 1589 2959 lectulo

404 2982 701 3048 surgentes
733 2991 851 3047 prae
903 2973 1030 3030 aliis
1059 2974 1183 3029 haec
1212 2973 1587 3044 intendimus,

403 3064 615 3119 coquos
649 3053 704 3103 et
736 3062 946 3102 mensae
985 3044 1263 3117 positores
1300 3049 1587 3114 vocanteS,

406 3123 462 3173 et
492 3134 620 3173 cum
653 3117 829 3171 multo
871 3117 980 3171 hoc
1024 3118 1345 3172 scrutantes
1372 3115 1584 3185 studi0,

404 3191 462 3241 et
494 3192 625 3265 post
654 3186 750 3241 illa
784 3186 863 3239 ita
910 3185 1022 3241 alia
1059 3190 1378 3257 tangenteS,
1426 3202 1587 3242 secu·

402 3255 547 3311 laria
573 3260 703 3311 ante
724 3255 1039 3326 spiritualia
1057 3256 1347 3325 facientes,
1381 3262 1436 3312 et
1462 3273 1588 3327 quae

399 3340 748 3396 supervacua
768 3327 978 3382 habere
1005 3330 1321 3399 oportebat,
1356 3328 1436 3383 uti
1477 3329 1589 3384 sint

400 3395 725 3451 necessaria
772 3396 1142 3458 honorantes,
1189 3401 1429 3470 Propter
1479 3400 1589 3455 hoc

399 3469 593 3523 omnia
630 3482 854 3523 sursum
887 3471 945 3523 et
971 3468 1210 3527 inferius
1238 3473 1370 3526 sunt
1400 3487 1413 3523 ε
1448 3486 1586 3525 con-

398 3538 639 3595 trarium
669 3538 819 3595 enim
850 3543 1159 3610 oporteret,
1191 3539 1446 3596 omnium
1477 3541 1588 3612 spi-

399 3610 687 3667 ritualium
719 3609 952 3666 multam
983 3610 1253 3667 facientes
1279 3613 1582 3683 rationem,

400 3688 700 3755 postquam
754 3682 1227 3753 compleverimus
1282 3682 1399 3750 illa,
1448 3686 1585 3739 tunc

398 3759 633 3826 tangere
676 3755 826 3811 haec:
887 3775 907 3804 ι
970 3755 1093 3809 haec
1149 3756 1580 3823 chrysostomus.

391 3825 715 3883 Ambulavit
756 3840 890 3895 ergo
944 3824 1198 3882 Christus
1234 3825 1357 3881 sine
1399 3824 1578 3895 equiS‚

395 3913 573 3968 usque
602 3900 674 3955 ad
696 3896 1088 3954 lassitudinem
1109 3915 1123 3966 ;
1144 3896 1269 3953 sine
1295 3895 1578 3968 expensis»,

396 3984 572 4040 usque
614 3971 685 4026 ad
719 3970 1009 4038 esuriem3
1061 3985 1127 4025 ac
1175 3967 1300 4024 sine
1332 3966 1578 4024 servito-

397 4040 552 4097 ribus
583 4046 640 4096 et
682 4042 926 4112 pompiS,
966 4056 1146 4111 usque
1176 4040 1251 4097 ad
1287 4039 1580 4095 miniStra-

399 4112 635 4167 tionem.
660 4113 933 4184 Conspice
953 4110 1128 4167 etiam
1145 4111 1431 4183 quomodo
1461 4126 1578 4166 non

396 4180 740 4253 dedignatur
786 4199 914 4238 cum
958 4183 1235 4253 neglecta,
1289 4187 1346 4237 et
1379 4181 1579 4238 alieni-

396 4265 543 4330 gena
575 4252 813 4309 muliere
845 4252 1022 4324 loqui,
1051 4258 1377 4309 monstrans
1406 4269 1580 4325 quam

395 4321 550 4379 mitis
584 4339 867 4395 quamque
904 4322 1134 4380 humilis
1172 4322 1267 4380 sit.
1318 4326 1443 4382 Non
1479 4325 1578 4382 de-

1171 389 1389 443 mum:
1443 386 1680 440 PAths
1734 385 1945 438 cAru'r
2002 374 2152 439 an

1706 487 1871 570 spicit
1898 490 2326 571 personasviles
2364 496 2421 548 et
2456 492 2723 562 humiles„
2752 494 2890 550 tales

1706 575 1859 615 enlm
1897 561 2186 617 mterdum
2234 562 2463 634 capiunt
2506 580 2715 621 arcana
2745 565 2890 621 salu-

1705 630 1777 685 tis
1807 630 1933 702 plus
1955 648 2128 704 quam
2151 632 2354 690 divites
2380 639 2437 689 et
2455 635 2705 692 nobiles?
2731 637 2890 703 Item,

1707 702 1971 773 conspice
2006 704 2293 772 quomodo
2328 705 2584 761 intentus
2610 711 2735 762 erat
2765 712 2885 763 stu·

1708 773 1801 828 dio
1832 773 2133 845 spirituali,
2206 774 2301 831 uia
2326 792 2455 831 eum
2487 782 2635 832 esset
2666 782 2889 848 tempus

1709 845 2065 914 comedendi,
2103 862 2171 901 vo
2200 845 2280 901 uit
2314 853 2506 903 tamen
2545 847 2798 918 differre,
2834 855 2891 905 ut

1708 914 2030 972 intenderet
2073 916 2514 987 praedicationi3
2567 922 2624 974 et
2672 918 2891 976 distulit

1708 987 2079 1044 refectionem
2104 988 2358 1060 corporis
2389 989 2667 1061 accipere,
2690 989 2890 1045 nolens

1711 1059 2010 1115 comedere
2058 1064 2362 1131 antequam
2410 1059 2523 1115 illis
2556 1061 2625 1116 de
2673 1058 2886 1116 civitati

1708 1130 2065 1201 praedicaret,
2110 1133 2366 1202 quamvis
2390 1132 2509 1203 jam
2559 1135 2708 1187 esset
2756 1133 2889 1187 hora

1707 1205 1889 1271 sexta,
1914 1206 1972 1258 et
2001 1202 2121 1274 ipse
2151 1203 2323 1257 etiam
2354 1219 2420 1257 ecc
2448 1206 2642 1257 itinere
2675 1203 2887 1270 fatiqu-

1711 1276 1801 1327 tus
1825 1278 2006 1343 esset;
2042 1273 2238 1329 volens
2254 1274 2410 1344 prius
2439 1273 2734 1329 intendere
2762 1288 2892 1328 con·

1712 1343 1963 1400 versioni
2013 1345 2520 1413 Samaritanorum,
2565 1350 2621 1400 et
2658 1359 2891 1414 operare

1713 1431 1783 1471 ea
1812 1431 1938 1487 quae
1977 1419 2142 1472 erant
2175 1414 2425 1487 spirituS,
2470 1430 2642 1486 quam
2670 1431 2738 1472 ea
2767 1430 2889 1485 quae

1713 1492 1878 1542 erant
1906 1486 2181 1558 corporiS,
2211 1492 2730 1556 quantumcumque
2759 1488 2887 1542 tunc

1711 1557 1830 1610 indi
1874 1563 2013 1612 eret.
2048 1560 2111 1611 In
2142 1573 2255 1627 quo
2297 1559 2394 1613 dat
2423 1558 2741 1628 exemplum
2769 1556 2891 1612 aliis

1707 1624 1834 1678 simi
1862 1626 1971 1681 iter
1990 1626 2256 1694 faciendi,
2278 1629 2529 1683 ostendit
2548 1628 2698 1683 enim
2721 1628 2889 1685 verbo

1704 1698 1759 1771 et
1780 1694 1949 1761 fact0,
1975 1701 2254 1763 quantum
2272 1698 2614 1766 praedicator
2632 1698 2889 1769 Evange-

1701 1760 1763 1815 l1i
1782 1762 1952 1818 debet
1966 1780 2091 1819 esse
2113 1765 2389 1821 sollicitus
2415 1767 2484 1822 de
2509 1767 2688 1823 salute
2709 1769 2891 1825 homi·

1701 1848 1858 1902 num,
1896 1838 1952 1889 et
1998 1839 2342 1905 postponere
2394 1853 2563 1892 omne
2615 1838 2770 1895 aliud
2799 1857 2895 1897 ne-

1702 1904 1918 1973 gotium
1946 1922 1960 1972 ;
1992 1907 2049 1960 et
2068 1907 2218 1977 quod
2244 1907 2413 1963 homo
2437 1909 2605 1964 debet
2628 1926 2754 1965 esse
2775 1926 2893 1969 ma-

1702 1973 1789 2045 gis
1842 1976 2116 2032 sollicitus
2147 1977 2219 2032 de
2273 1979 2359 2035 sui
2410 1980 2652 2051 proximi
2707 1981 2890 2039 salute

1702 2045 2002 2117 spirituali,
2036 2063 2207 2119 quam
2252 2050 2323 2106 de
2373 2050 2608 2122 propria
2636 2053 2888 2109 necessi-

1701 2121 1816 2174 tate
1834 2120 2134 2191 corporali.
2152 2123 2317 2193 Item,
2330 2122 2589 2193 conspice
2604 2125 2886 2194 quomodo

1701 2188 1970 2259 fatigatus
1996 2195 2052 2248 et
2101 2192 2395 2248 famelicus
2448 2195 2607 2248 sedet
2639 2194 2697 2249 in
2731 2199 2887 2251 terra

1698 2260 1870 2328 nuda,
1890 2277 2007 2316 non
2033 2262 2326 2386 supiposito
2351 2264 2633 2333 pulvinari
2658 2281 2671 2331 ;
2705 2269 2761 2320 et
2791 2281 2881 2321 re—

1697 2330 1884 2386 ficitur
1934 2348 2061 2387 cum
2159 2331 2432 2403 iscipulis,
2480 2332 2623 2387 sicut
2671 2333 2881 2405 aliquis

1696 2418 1910 2473 pauper
1943 2403 2013 2458 de
2050 2403 2258 2483 populo
2312 2402 2629 2471 communi5
2674 2420 2777 2460 nec
2806 2407 2879 2462 ad

1695 2490 1901 2545 magna
1934 2474 2180 2546 hospitia
2217 2474 2276 2532 in
2334 2473 2558 2531 civitate
2607 2475 2876 2546 declinat,

1695 2545 1839 2602 sicut
1867 2562 1970 2603 nos
2022 2544 2234 2603 miseri.
2269 2548 2390 2602 Non
2451 2545 2603 2603 enim
2649 2547 2876 2619 legitur,

1695 2617 1847 2687 quod
1902 2617 2185 2673 civitatem
2235 2622 2366 2674 tunc
2424 2617 2745 2688 intraverit,
2804 2637 2877 2676 ne

1692 2687 1797 2743 sibi
1839 2688 2157 2744 contrarius
2214 2697 2362 2745 esset
2423 2689 2517 2760 qui
2583 2690 2876 2763 discipulis

1691 2758 1865 2814 dixit:
1899 2764 1971 2816 Et
2000 2764 2060 2815 in
2089 2762 2340 2816 civitates
2391 2764 2876 2819 Samaritanorum

1689 2847 1756 2885 ne
1787 2833 2148 2887 intraveritis,
2181 2835 2294 2889 Nec
2324 2833 2543 2900 credaS,
2577 2833 2729 2903 quod
2753 2834 2875 2890 sola

1689 2902 1797 2958 hac
1829 2902 1949 2960 vice
1991 2902 2053 2959 in
2108 2908 2263 2960 terra
2319 2905 2566 2960 comedit
2603 2905 2875 2962 Dominus

1691 2973 1922 3031 humilis
1948 2981 2004 3031 et
2063 2980 2285 3032 amator
2341 2976 2715 3048 paupertatiS,
2773 2978 2872 3034 sed

1691 3060 1842 3116 saepe
1874 3063 2001 3103 cum
2022 3046 2141 3104 ibat
2164 3063 2267 3119 per
2287 3049 2582 3115 mundum,
2611 3049 2872 3105 comede-

1687 3117 1787 3171 bat
1819 3123 1979 3173 extra
2007 3118 2289 3174 civitatem
2322 3123 2378 3173 et
2411 3117 2624 3185 villam,
2659 3119 2733 3174 ad
2767 3120 2870 3175 ali-

1691 3202 1860 3256 quem
1901 3188 2085 3243 rivum
2141 3189 2227 3243 vel
2280 3188 2516 3253 fontem,
2571 3193 2872 3257 quantum-

1688 3273 1928 3327 cumque
1977 3258 2243 3327 fatigatus
2310 3257 2457 3311 foret
2496 3263 2553 3311 et
2600 3258 2868 3317 afflictus,

1687 3330 1811 3382 Non
1832 3329 2079 3383 habebat
2107 3343 2240 3382 cara
2254 3330 2311 3382 et
2338 3326 2615 3396 exquisita
2631 3328 2868 3399 cibaria,

1686 3414 1802 3452 non
1849 3413 1985 3453 vasa
2033 3397 2255 3452 diversa
2309 3397 2395 3451 vel
2454 3397 2699 3467 curiosa,
2748 3416 2871 3457 non

1684 3467 1934 3539 pretiosa
1985 3472 2041 3522 et
2073 3468 2314 3523 delicata
2339 3466 2504 3535 vina3
2544 3469 2643 3524 sed
2683 3470 2871 3528 habe-

1682 3541 1780 3595 bat
1825 3554 2033 3608 aquam
2059 3554 2261 3609 puram
2296 3538 2366 3594 de
2407 3537 2528 3608 ipso
2565 3541 2722 3597 sonte
2776 3544 2867 3599 vel

1682 3610 1824 3677 rivo,
1857 3625 1982 3680 quae
2008 3608 2203 3666 vineas
2233 3611 2542 3678 foecundat‚
2574 3616 2629 3667 et
2657 3627 2869 3684 panem

1681 3685 1971 3751 tamquam
2006 3697 2222 3753 pauper
2252 3681 2458 3737 sedens
2482 3681 2540 3737 in
2569 3687 2725 3741 terra
2756 3685 2865 3742 hu-

1682 3751 1891 3808 militer
1940 3754 2295 3821 comedebat,
2338 3755 2436 3823 qui
2488 3770 2662 3811 escam
2717 3761 2869 3812 omni

1681 3827 1838 3880 carni
1866 3827 2167 3880 ministrat.
2201 3826 2535 3895 Compatere
2569 3826 2697 3894 sibi,
2733 3827 2866 3899 quia

1680 3894 1837 3952 vides
1854 3912 1985 3953 eum
2002 3894 2316 3968 fatigatum,
2331 3902 2385 3952 et
2406 3895 2485 3952 sic
2502 3897 2865 3955 humiliatum

1680 3985 1746 4024 ac
1761 3966 2174 4024 sustentatione
2183 3972 2347 4050 potus
2360 3973 2416 4023 et
2428 3967 2537 4024 eibi
2553 3969 2874 4041 corporalis„

1679 4038 2052 4110 indigentem,
2077 4042 2132 4095 et
2152 4044 2295 4096 s1cut
2312 4045 2528 4095 ceteros
2552 4039 2621 4094 de
2649 4056 2721 4111 po
2768 4040 2862 4097 ulo

1679 4111 1768 4167 his
1785 4115 2059 4167 utentem.
2085 4111 2245 4166 Unde
2268 4111 2651 4179 Auqustinus:
2680 4134 2703 4160 α
2773 4127 2864 4168 su·

1678 4182 1811 4239 rivit
1835 4181 1930 4253 qui
1960 4197 2158 4238 omnes
2183 4181 2381 4253 pascit,
2427 4181 2602 4237 sitivit
2641 4182 2739 4264 qui
2775 4189 2864 4240 est

1677 4254 1807 4311 fons
1832 4250 2169 4323 sitientium,
2188 4253 2453 4323 fatigatus
2470 4258 2555 4308 est
2573 4268 2637 4308 ex
2654 4253 2862 4311 itinere

1679 4324 1774 4396 qui
1807 4322 1955 4381 viam
1982 4322 2146 4380 nobis
2171 4323 2303 4380 fecit
2331 4323 2390 4379 in
2419 4323 2645 4380 coelum.
2674 4346 2703 4375 »
