<?xml version="1.0" encoding="UTF-8"?>
<!DOCTYPE html PUBLIC "-//W3C//DTD XHTML 1.0 Transitional//EN"
    "http://www.w3.org/TR/xhtml1/DTD/xhtml1-transitional.dtd">
<html xmlns="http://www.w3.org/1999/xhtml" xml:lang="en" lang="en">
 <head>
  <title>
</title>
<meta http-equiv="Content-Type" content="text/html;charset=utf-8" />
  <meta name='ocr-system' content='tesseract 3.04.00' />
  <meta name='ocr-capabilities' content='ocr_page ocr_carea ocr_par ocr_line ocrx_word'/>
</head>
<body>
  <div class='ocr_page' id='page_1' title='image "./vitajesuchristi02rigogoog_0043.png"; bbox 0 0 3146 5023; ppageno 0'>
   <div class='ocr_carea' id='block_1_1' title="bbox 824 346 2758 413">
    <p class='ocr_par' dir='ltr' id='par_1_1' title="bbox 824 346 2758 413">
     <span class='ocr_line' id='line_1_1' title="bbox 824 346 2758 413; baseline 0.006 -11"><span class='ocrx_word' id='word_1_1' title='bbox 824 349 965 403; x_wconf 65' lang='grc' dir='ltr'>ἷ’ΒΕ</span> <span class='ocrx_word' id='word_1_2' title='bbox 1014 348 1261 402; x_wconf 83' lang='lat' dir='ltr'>DUOBIS</span> <span class='ocrx_word' id='word_1_3' title='bbox 1314 346 1517 406; x_wconf 64' lang='lat' dir='ltr'>cfflcls</span> <span class='ocrx_word' id='word_1_4' title='bbox 1570 349 1656 404; x_wconf 69' lang='lat'>8¹1·</span> <span class='ocrx_word' id='word_1_5' title='bbox 1707 348 1837 404; x_wconf 78' lang='lat' dir='ltr'>UNO</span> <span class='ocrx_word' id='word_1_6' title='bbox 1888 350 2091 405; x_wconf 70' lang='lat' dir='ltr'>ituro.</span> <span class='ocrx_word' id='word_1_7' title='bbox 2696 357 2758 413; x_wconf 73' lang='lat'>³3</span> 
     </span>
    </p>
   </div>
   <div class='ocr_carea' id='block_1_2' title="bbox 216 452 1456 2590">
    <p class='ocr_par' dir='ltr' id='par_1_2' title="bbox 216 452 1456 2590">
     <span class='ocr_line' id='line_1_2' title="bbox 252 452 1450 525; baseline -0.006 -9"><span class='ocrx_word' id='word_1_8' title='bbox 252 461 382 516; x_wconf 80' lang='lat' dir='ltr'>erat</span> <span class='ocrx_word' id='word_1_9' title='bbox 401 455 558 513; x_wconf 78' lang='lat' dir='ltr'>fama</span> <span class='ocrx_word' id='word_1_10' title='bbox 580 453 732 525; x_wconf 86' lang='lat' dir='ltr'>apud</span> <span class='ocrx_word' id='word_1_11' title='bbox 753 453 785 508; x_wconf 86' lang='lat' dir='ltr'>J</span> <span class='ocrx_word' id='word_1_12' title='bbox 790 452 1004 518; x_wconf 68' lang='lat' dir='ltr'>octenos,</span> <span class='ocrx_word' id='word_1_13' title='bbox 1031 452 1162 523; x_wconf 89' lang='lat' dir='ltr'>quia</span> <span class='ocrx_word' id='word_1_14' title='bbox 1194 452 1450 510; x_wconf 84' lang='lat' dir='ltr'>Christus</span> 
     </span>
     <span class='ocr_line' id='line_1_3' title="bbox 255 523 1454 588; baseline -0.005 -1"><span class='ocrx_word' id='word_1_15' title='bbox 255 528 579 587; x_wconf 84' lang='lat' dir='ltr'>nasciturus</span> <span class='ocrx_word' id='word_1_16' title='bbox 594 532 720 581; x_wconf 85' lang='lat' dir='ltr'>erat</span> <span class='ocrx_word' id='word_1_17' title='bbox 736 524 806 579; x_wconf 86' lang='lat' dir='ltr'>de</span> <span class='ocrx_word' id='word_1_18' title='bbox 821 525 1037 578; x_wconf 87' lang='lat' dir='ltr'>semine</span> <span class='ocrx_word' id='word_1_19' title='bbox 1055 523 1454 588; x_wconf 75' lang='lat' dir='ltr'>David,secun-</span> 
     </span>
     <span class='ocr_line' id='line_1_4' title="bbox 261 594 1456 664; baseline -0.004 -7"><span class='ocrx_word' id='word_1_20' title='bbox 261 600 396 658; x_wconf 84' lang='lat' dir='ltr'>dum</span> <span class='ocrx_word' id='word_1_21' title='bbox 425 612 684 656; x_wconf 88' lang='lat' dir='ltr'>carnem.</span> <span class='ocrx_word' id='word_1_22' title='bbox 718 597 785 650; x_wconf 87' lang='lat' dir='ltr'>Et</span> <span class='ocrx_word' id='word_1_23' title='bbox 825 595 952 649; x_wconf 88' lang='lat' dir='ltr'>ideo</span> <span class='ocrx_word' id='word_1_24' title='bbox 991 595 1122 664; x_wconf 89' lang='lat' dir='ltr'>quia</span> <span class='ocrx_word' id='word_1_25' title='bbox 1145 594 1456 652; x_wconf 87' lang='lat' dir='ltr'>credebant</span> 
     </span>
     <span class='ocr_line' id='line_1_5' title="bbox 260 664 1453 743; baseline -0.005 -15"><span class='ocrx_word' id='word_1_26' title='bbox 260 671 445 743; x_wconf 77' lang='lat' dir='ltr'>ipsum</span> <span class='ocrx_word' id='word_1_27' title='bbox 470 685 591 726; x_wconf 86' lang='lat' dir='ltr'>esse</span> <span class='ocrx_word' id='word_1_28' title='bbox 618 668 929 730; x_wconf 79' lang='lat' dir='ltr'>Christum,</span> <span class='ocrx_word' id='word_1_29' title='bbox 963 664 1067 735; x_wconf 89' lang='lat' dir='ltr'>ipsi</span> <span class='ocrx_word' id='word_1_30' title='bbox 1097 666 1273 721; x_wconf 85' lang='lat' dir='ltr'>David</span> <span class='ocrx_word' id='word_1_31' title='bbox 1316 682 1453 736; x_wconf 88' lang='lat' dir='ltr'>pro·</span> 
     </span>
     <span class='ocr_line' id='line_1_6' title="bbox 257 735 1451 810; baseline -0.005 -10"><span class='ocrx_word' id='word_1_32' title='bbox 257 742 515 810; x_wconf 80' lang='lat' dir='ltr'>missum,</span> <span class='ocrx_word' id='word_1_33' title='bbox 546 738 855 795; x_wconf 80' lang='lat' dir='ltr'>vocantsic</span> <span class='ocrx_word' id='word_1_34' title='bbox 880 751 1011 791; x_wconf 92' lang='lat' dir='ltr'>eum</span> <span class='ocrx_word' id='word_1_35' title='bbox 1043 737 1216 791; x_wconf 85' lang='lat' dir='ltr'>David</span> <span class='ocrx_word' id='word_1_36' title='bbox 1246 735 1451 794; x_wconf 84' lang='lat' dir='ltr'>filium.</span> 
     </span>
     <span class='ocr_line' id='line_1_7' title="bbox 259 808 1452 877; baseline -0.006 -6"><span class='ocrx_word' id='word_1_37' title='bbox 259 812 601 871; x_wconf 87' lang='lat' dir='ltr'>Clamabant</span> <span class='ocrx_word' id='word_1_38' title='bbox 628 817 844 869; x_wconf 79' lang='lat' dir='ltr'>autem,</span> <span class='ocrx_word' id='word_1_39' title='bbox 901 808 1038 877; x_wconf 89' lang='lat' dir='ltr'>quia</span> <span class='ocrx_word' id='word_1_40' title='bbox 1079 808 1151 863; x_wconf 92' lang='lat' dir='ltr'>ad</span> <span class='ocrx_word' id='word_1_41' title='bbox 1202 808 1452 864; x_wconf 74' lang='lat' dir='ltr'><strong>litteram</strong></span> 
     </span>
     <span class='ocr_line' id='line_1_8' title="bbox 257 880 1450 951; baseline -0.006 -10"><span class='ocrx_word' id='word_1_42' title='bbox 257 899 377 942; x_wconf 86' lang='lat' dir='ltr'>non</span> <span class='ocrx_word' id='word_1_43' title='bbox 398 882 697 941; x_wconf 81' lang='lat' dir='ltr'>videbant.</span> <span class='ocrx_word' id='word_1_44' title='bbox 731 880 1004 951; x_wconf 89' lang='lat' dir='ltr'>quoniam</span> <span class='ocrx_word' id='word_1_45' title='bbox 1026 894 1198 949; x_wconf 81' lang='lat' dir='ltr'>prope</span> <span class='ocrx_word' id='word_1_46' title='bbox 1229 886 1311 935; x_wconf 86' lang='lat' dir='ltr'>est</span> <span class='ocrx_word' id='word_1_47' title='bbox 1340 880 1450 934; x_wconf 91' lang='lat' dir='ltr'>Do-</span> 
     </span>
     <span class='ocr_line' id='line_1_9' title="bbox 256 951 1454 1020; baseline -0.004 -8"><span class='ocrx_word' id='word_1_48' title='bbox 256 954 471 1012; x_wconf 78' lang='lat' dir='ltr'>minus·</span> <span class='ocrx_word' id='word_1_49' title='bbox 500 953 607 1010; x_wconf 89' lang='lat' dir='ltr'>Ubi</span> <span class='ocrx_word' id='word_1_50' title='bbox 639 954 1058 1020; x_wconf 77' lang='lat' dir='ltr'><em>chrysostomus</em></span> <span class='ocrx_word' id='word_1_51' title='bbox 1078 969 1098 1006; x_wconf 94' lang='lat'>.·</span> <span class='ocrx_word' id='word_1_52' title='bbox 1123 968 1152 1002; x_wconf 90' lang='lat'>«</span> <span class='ocrx_word' id='word_1_53' title='bbox 1188 951 1326 1006; x_wconf 83' lang='lat' dir='ltr'>Vide</span> <span class='ocrx_word' id='word_1_54' title='bbox 1356 966 1454 1007; x_wconf 90' lang='lat' dir='ltr'>au-</span> 
     </span>
     <span class='ocr_line' id='line_1_10' title="bbox 254 1022 1449 1091; baseline -0.003 -9"><span class='ocrx_word' id='word_1_55' title='bbox 254 1030 372 1082; x_wconf 80' lang='lat' dir='ltr'>tem</span> <span class='ocrx_word' id='word_1_56' title='bbox 399 1040 606 1081; x_wconf 90' lang='lat' dir='ltr'>eorum</span> <span class='ocrx_word' id='word_1_57' title='bbox 641 1022 1007 1088; x_wconf 75' lang='lat' dir='ltr'>desidorium,</span> <span class='ocrx_word' id='word_1_58' title='bbox 1034 1028 1091 1077; x_wconf 92' lang='lat' dir='ltr'>et</span> <span class='ocrx_word' id='word_1_59' title='bbox 1118 1037 1153 1076; x_wconf 91' lang='lat' dir='ltr'>a</span> <span class='ocrx_word' id='word_1_60' title='bbox 1179 1022 1449 1091; x_wconf 89' lang='lat' dir='ltr'>clamore,</span> 
     </span>
     <span class='ocr_line' id='line_1_11' title="bbox 216 1084 1449 1165; baseline -0.003 -12"><span class='ocrx_word' id='word_1_61' title='bbox 216 1084 227 1109; x_wconf 57' lang='lat'>⁸</span> <span class='ocrx_word' id='word_1_62' title='bbox 259 1102 318 1154; x_wconf 87' lang='lat' dir='ltr'>et</span> <span class='ocrx_word' id='word_1_63' title='bbox 341 1096 416 1153; x_wconf 88' lang='lat' dir='ltr'>ab</span> <span class='ocrx_word' id='word_1_64' title='bbox 445 1095 572 1165; x_wconf 87' lang='lat' dir='ltr'>ipsa</span> <span class='ocrx_word' id='word_1_65' title='bbox 591 1093 1069 1162; x_wconf 87' lang='lat' dir='ltr'>interpellatione.</span> <span class='ocrx_word' id='word_1_66' title='bbox 1084 1094 1276 1163; x_wconf 89' lang='lat' dir='ltr'>Neque</span> <span class='ocrx_word' id='word_1_67' title='bbox 1294 1094 1449 1149; x_wconf 90' lang='lat' dir='ltr'>enim</span> 
     </span>
     <span class='ocr_line' id='line_1_12' title="bbox 252 1163 1448 1238; baseline -0.004 -13"><span class='ocrx_word' id='word_1_68' title='bbox 252 1165 594 1238; x_wconf 80' lang='lat' dir='ltr'>simpliciter</span> <span class='ocrx_word' id='word_1_69' title='bbox 652 1167 1035 1230; x_wconf 89' lang='lat' dir='ltr'>accesserunt,</span> <span class='ocrx_word' id='word_1_70' title='bbox 1089 1163 1188 1218; x_wconf 91' lang='lat' dir='ltr'>sed</span> <span class='ocrx_word' id='word_1_71' title='bbox 1242 1179 1448 1235; x_wconf 85' lang='lat' dir='ltr'><strong>magne</strong></span> 
     </span>
     <span class='ocr_line' id='line_1_13' title="bbox 255 1235 1448 1307; baseline -0.003 -12"><span class='ocrx_word' id='word_1_72' title='bbox 255 1238 595 1307; x_wconf 83' lang='lat' dir='ltr'>clamanteS,</span> <span class='ocrx_word' id='word_1_73' title='bbox 624 1243 681 1293; x_wconf 89' lang='lat' dir='ltr'>et</span> <span class='ocrx_word' id='word_1_74' title='bbox 712 1236 854 1291; x_wconf 77' lang='lat' dir='ltr'>nihil</span> <span class='ocrx_word' id='word_1_75' title='bbox 891 1235 1044 1289; x_wconf 89' lang='lat' dir='ltr'>aliud</span> <span class='ocrx_word' id='word_1_76' title='bbox 1078 1250 1248 1303; x_wconf 86' lang='lat' dir='ltr'>quam</span> <span class='ocrx_word' id='word_1_77' title='bbox 1276 1237 1448 1291; x_wconf 85' lang='lat' dir='ltr'>mise-</span> 
     </span>
     <span class='ocr_line' id='line_1_14' title="bbox 255 1305 1443 1377; baseline -0.003 -11"><span class='ocrx_word' id='word_1_78' title='bbox 255 1310 568 1366; x_wconf 84' lang='lat' dir='ltr'>ricordiam</span> <span class='ocrx_word' id='word_1_79' title='bbox 609 1308 977 1377; x_wconf 64' lang='lat' dir='ltr'>postulantes</span> <span class='ocrx_word' id='word_1_80' title='bbox 1024 1305 1223 1360; x_wconf 87' lang='lat' dir='ltr'>Filium</span> <span class='ocrx_word' id='word_1_81' title='bbox 1256 1311 1443 1362; x_wconf 88' lang='lat' dir='ltr'>autem</span> 
     </span>
     <span class='ocr_line' id='line_1_15' title="bbox 252 1376 1449 1448; baseline -0.003 -12"><span class='ocrx_word' id='word_1_82' title='bbox 252 1380 440 1437; x_wconf 79' lang='lat' dir='ltr'>David</span> <span class='ocrx_word' id='word_1_83' title='bbox 475 1379 779 1445; x_wconf 80' lang='lat' dir='ltr'>vocabant,</span> <span class='ocrx_word' id='word_1_84' title='bbox 811 1376 947 1448; x_wconf 85' lang='lat' dir='ltr'>quia</span> <span class='ocrx_word' id='word_1_85' title='bbox 978 1392 1185 1431; x_wconf 89' lang='lat' dir='ltr'>nomen</span> <span class='ocrx_word' id='word_1_86' title='bbox 1215 1378 1449 1432; x_wconf 88' lang='lat' dir='ltr'>honoris</span> 
     </span>
     <span class='ocr_line' id='line_1_16' title="bbox 255 1450 1449 1509; baseline -0.005 0"><span class='ocrx_word' id='word_1_87' title='bbox 255 1467 385 1509; x_wconf 83' lang='lat' dir='ltr'>esse</span> <span class='ocrx_word' id='word_1_88' title='bbox 412 1450 730 1506; x_wconf 68' lang='lat' dir='ltr'>videbatur.</span> <span class='ocrx_word' id='word_1_89' title='bbox 766 1469 795 1498; x_wconf 95' lang='lat'>»</span> <span class='ocrx_word' id='word_1_90' title='bbox 838 1450 967 1505; x_wconf 84' lang='lat' dir='ltr'>Cum</span> <span class='ocrx_word' id='word_1_91' title='bbox 1005 1453 1184 1503; x_wconf 84' lang='lat' dir='ltr'>autem</span> <span class='ocrx_word' id='word_1_92' title='bbox 1214 1451 1449 1504; x_wconf 81' lang='lat' dir='ltr'>venisset</span> 
     </span>
     <span class='ocr_line' id='line_1_17' title="bbox 254 1518 1447 1589; baseline -0.003 -10"><span class='ocrx_word' id='word_1_93' title='bbox 254 1524 506 1589; x_wconf 80' lang='lat' dir='ltr'>domum,</span> <span class='ocrx_word' id='word_1_94' title='bbox 533 1522 589 1577; x_wconf 90' lang='lat' dir='ltr'>id</span> <span class='ocrx_word' id='word_1_95' title='bbox 612 1527 696 1576; x_wconf 90' lang='lat' dir='ltr'>est</span> <span class='ocrx_word' id='word_1_96' title='bbox 719 1520 793 1575; x_wconf 89' lang='lat' dir='ltr'>ad</span> <span class='ocrx_word' id='word_1_97' title='bbox 828 1519 1139 1588; x_wconf 72' lang='lat' dir='ltr'>hospitium</span> <span class='ocrx_word' id='word_1_98' title='bbox 1167 1535 1353 1588; x_wconf 91' lang='lat' dir='ltr'>suum,</span> <span class='ocrx_word' id='word_1_99' title='bbox 1385 1518 1447 1577; x_wconf 90' lang='lat' dir='ltr'>in</span> 
     </span>
     <span class='ocr_line' id='line_1_18' title="bbox 255 1592 1443 1665; baseline -0.003 -15"><span class='ocrx_word' id='word_1_100' title='bbox 255 1593 361 1650; x_wconf 89' lang='lat' dir='ltr'>illa</span> <span class='ocrx_word' id='word_1_101' title='bbox 388 1593 640 1665; x_wconf 83' lang='lat' dir='ltr'>regione,</span> <span class='ocrx_word' id='word_1_102' title='bbox 672 1596 1016 1646; x_wconf 82' lang='lat' dir='ltr'>accesserunt</span> <span class='ocrx_word' id='word_1_103' title='bbox 1039 1592 1115 1645; x_wconf 79' lang='lat' dir='ltr'>ad</span> <span class='ocrx_word' id='word_1_104' title='bbox 1135 1607 1255 1646; x_wconf 81' lang='lat' dir='ltr'>eum</span> <span class='ocrx_word' id='word_1_105' title='bbox 1285 1593 1443 1659; x_wconf 73' lang='lat' dir='ltr'>caeci,-</span> 
     </span>
     <span class='ocr_line' id='line_1_19' title="bbox 255 1664 1445 1735; baseline -0.003 -14"><span class='ocrx_word' id='word_1_106' title='bbox 255 1671 316 1721; x_wconf 90' lang='lat' dir='ltr'>et</span> <span class='ocrx_word' id='word_1_107' title='bbox 344 1664 721 1735; x_wconf 85' lang='lat' dir='ltr'>interrogavit</span> <span class='ocrx_word' id='word_1_108' title='bbox 747 1680 862 1723; x_wconf 82' lang='lat' dir='ltr'>eos,</span> <span class='ocrx_word' id='word_1_109' title='bbox 896 1664 942 1718; x_wconf 91' lang='lat' dir='ltr'>si</span> <span class='ocrx_word' id='word_1_110' title='bbox 987 1664 1287 1719; x_wconf 81' lang='lat' dir='ltr'>crederent</span> <span class='ocrx_word' id='word_1_111' title='bbox 1315 1678 1445 1718; x_wconf 92' lang='lat' dir='ltr'>eum</span> 
     </span>
     <span class='ocr_line' id='line_1_20' title="bbox 253 1732 1444 1807; baseline 0 -15"><span class='ocrx_word' id='word_1_112' title='bbox 253 1735 366 1792; x_wconf 84' lang='lat' dir='ltr'>hoc</span> <span class='ocrx_word' id='word_1_113' title='bbox 390 1752 554 1807; x_wconf 87' lang='lat' dir='ltr'>posse</span> <span class='ocrx_word' id='word_1_114' title='bbox 586 1736 793 1791; x_wconf 73' lang='lat' dir='ltr'>facere.</span> <span class='ocrx_word' id='word_1_115' title='bbox 821 1734 988 1800; x_wconf 65' lang='lat' dir='ltr'>Quasi</span> <span class='ocrx_word' id='word_1_116' title='bbox 1020 1732 1235 1790; x_wconf 88' lang='lat' dir='ltr'>diceret</span> <span class='ocrx_word' id='word_1_117' title='bbox 1257 1752 1273 1792; x_wconf 91' lang='lat'><strong>:</strong></span> <span class='ocrx_word' id='word_1_118' title='bbox 1298 1733 1444 1792; x_wconf 90' lang='lat' dir='ltr'>Con-</span> 
     </span>
     <span class='ocr_line' id='line_1_21' title="bbox 251 1806 1443 1870; baseline -0.001 -6"><span class='ocrx_word' id='word_1_119' title='bbox 251 1806 385 1864; x_wconf 57' lang='lat' dir='ltr'>fessi</span> <span class='ocrx_word' id='word_1_120' title='bbox 427 1809 563 1863; x_wconf 88' lang='lat' dir='ltr'>estis</span> <span class='ocrx_word' id='word_1_121' title='bbox 594 1807 1029 1870; x_wconf 81' lang='lat' dir='ltr'>humanitatem,</span> <span class='ocrx_word' id='word_1_122' title='bbox 1071 1821 1161 1861; x_wconf 90' lang='lat' dir='ltr'>me</span> <span class='ocrx_word' id='word_1_123' title='bbox 1199 1807 1443 1863; x_wconf 90' lang='lat' dir='ltr'>dicendo</span> 
     </span>
     <span class='ocr_line' id='line_1_22' title="bbox 249 1876 1446 1949; baseline -0.002 -14"><span class='ocrx_word' id='word_1_124' title='bbox 249 1879 439 1935; x_wconf 85' lang='lat' dir='ltr'>filium</span> <span class='ocrx_word' id='word_1_125' title='bbox 471 1878 667 1943; x_wconf 85' lang='lat' dir='ltr'>David,</span> <span class='ocrx_word' id='word_1_126' title='bbox 704 1893 836 1931; x_wconf 90' lang='lat' dir='ltr'>num</span> <span class='ocrx_word' id='word_1_127' title='bbox 863 1877 1088 1931; x_wconf 79' lang='lat' dir='ltr'>creditis</span> <span class='ocrx_word' id='word_1_128' title='bbox 1118 1876 1289 1932; x_wconf 89' lang='lat' dir='ltr'>etiam</span> <span class='ocrx_word' id='word_1_129' title='bbox 1310 1881 1446 1949; x_wconf 82' lang='lat' dir='ltr'>quia</span> 
     </span>
     <span class='ocr_line' id='line_1_23' title="bbox 249 1948 1445 2023; baseline -0.003 -15"><span class='ocrx_word' id='word_1_130' title='bbox 249 1952 352 2007; x_wconf 75' lang='lat' dir='ltr'>hoe</span> <span class='ocrx_word' id='word_1_131' title='bbox 366 1965 596 2023; x_wconf 81' lang='lat' dir='ltr'>possum</span> <span class='ocrx_word' id='word_1_132' title='bbox 618 1951 800 2016; x_wconf 79' lang='lat' dir='ltr'>facere</span> <span class='ocrx_word' id='word_1_133' title='bbox 820 1948 993 2014; x_wconf 81' lang='lat' dir='ltr'>vobis,</span> <span class='ocrx_word' id='word_1_134' title='bbox 1024 1953 1083 2002; x_wconf 86' lang='lat' dir='ltr'>ut</span> <span class='ocrx_word' id='word_1_135' title='bbox 1102 1949 1246 2004; x_wconf 90' lang='lat' dir='ltr'>Deus</span> <span class='ocrx_word' id='word_1_136' title='bbox 1268 1966 1281 2004; x_wconf 90' lang='lat'>:</span> <span class='ocrx_word' id='word_1_137' title='bbox 1305 1966 1445 2021; x_wconf 90' lang='lat' dir='ltr'>opus</span> 
     </span>
     <span class='ocr_line' id='line_1_24' title="bbox 249 2019 1445 2092; baseline -0.003 -13"><span class='ocrx_word' id='word_1_138' title='bbox 249 2023 408 2079; x_wconf 87' lang='lat' dir='ltr'>enim</span> <span class='ocrx_word' id='word_1_139' title='bbox 442 2026 532 2077; x_wconf 89' lang='lat' dir='ltr'>est</span> <span class='ocrx_word' id='word_1_140' title='bbox 582 2019 909 2075; x_wconf 80' lang='lat' dir='ltr'>divinitatis,</span> <span class='ocrx_word' id='word_1_141' title='bbox 958 2021 1078 2074; x_wconf 92' lang='lat' dir='ltr'>Non</span> <span class='ocrx_word' id='word_1_142' title='bbox 1129 2020 1445 2092; x_wconf 88' lang='lat' dir='ltr'>interrogat</span> 
     </span>
     <span class='ocr_line' id='line_1_25' title="bbox 252 2090 1444 2166; baseline -0.002 -17"><span class='ocrx_word' id='word_1_143' title='bbox 252 2094 419 2166; x_wconf 85' lang='lat' dir='ltr'>quasi</span> <span class='ocrx_word' id='word_1_144' title='bbox 491 2092 763 2164; x_wconf 90' lang='lat' dir='ltr'>ignorans</span> <span class='ocrx_word' id='word_1_145' title='bbox 815 2106 1013 2146; x_wconf 89' lang='lat' dir='ltr'>eorum</span> <span class='ocrx_word' id='word_1_146' title='bbox 1070 2090 1263 2161; x_wconf 85' lang='lat' dir='ltr'>fidem,</span> <span class='ocrx_word' id='word_1_147' title='bbox 1310 2093 1444 2162; x_wconf 91' lang='lat' dir='ltr'>quia</span> 
     </span>
     <span class='ocr_line' id='line_1_26' title="bbox 248 2162 1440 2231; baseline -0.002 -11"><span class='ocrx_word' id='word_1_148' title='bbox 248 2164 449 2220; x_wconf 89' lang='lat' dir='ltr'>omnia</span> <span class='ocrx_word' id='word_1_149' title='bbox 486 2162 707 2219; x_wconf 84' lang='lat' dir='ltr'>sciebat</span> <span class='ocrx_word' id='word_1_150' title='bbox 763 2178 860 2230; x_wconf 92' lang='lat' dir='ltr'>per</span> <span class='ocrx_word' id='word_1_151' title='bbox 890 2162 1311 2231; x_wconf 81' lang='lat' dir='ltr'>certitudinem,</span> <span class='ocrx_word' id='word_1_152' title='bbox 1341 2163 1440 2219; x_wconf 91' lang='lat' dir='ltr'>sed</span> 
     </span>
     <span class='ocr_line' id='line_1_27' title="bbox 245 2233 1444 2291; baseline -0.002 0"><span class='ocrx_word' id='word_1_153' title='bbox 245 2240 315 2291; x_wconf 89' lang='lat' dir='ltr'>ut</span> <span class='ocrx_word' id='word_1_154' title='bbox 348 2234 630 2291; x_wconf 76' lang='lat' dir='ltr'>consessio</span> <span class='ocrx_word' id='word_1_155' title='bbox 678 2233 925 2288; x_wconf 81' lang='lat' dir='ltr'>exterior</span> <span class='ocrx_word' id='word_1_156' title='bbox 968 2235 1274 2288; x_wconf 82' lang='lat' dir='ltr'>adderetur</span> <span class='ocrx_word' id='word_1_157' title='bbox 1304 2233 1444 2289; x_wconf 86' lang='lat' dir='ltr'>fidei</span> 
     </span>
     <span class='ocr_line' id='line_1_28' title="bbox 243 2304 1442 2375; baseline -0.002 -13"><span class='ocrx_word' id='word_1_158' title='bbox 243 2304 534 2373; x_wconf 88' lang='lat' dir='ltr'>interiori,</span> <span class='ocrx_word' id='word_1_159' title='bbox 586 2309 643 2361; x_wconf 91' lang='lat' dir='ltr'>et</span> <span class='ocrx_word' id='word_1_160' title='bbox 672 2304 752 2359; x_wconf 80' lang='lat' dir='ltr'>sic</span> <span class='ocrx_word' id='word_1_161' title='bbox 786 2310 976 2359; x_wconf 89' lang='lat' dir='ltr'>essent</span> <span class='ocrx_word' id='word_1_162' title='bbox 1005 2304 1291 2375; x_wconf 90' lang='lat' dir='ltr'>digniores</span> <span class='ocrx_word' id='word_1_163' title='bbox 1317 2305 1442 2360; x_wconf 84' lang='lat' dir='ltr'>iltu-</span> 
     </span>
     <span class='ocr_line' id='line_1_29' title="bbox 242 2376 1437 2446; baseline -0.002 -13"><span class='ocrx_word' id='word_1_164' title='bbox 242 2376 547 2442; x_wconf 85' lang='lat' dir='ltr'>minari,et</span> <span class='ocrx_word' id='word_1_165' title='bbox 561 2377 819 2431; x_wconf 81' lang='lat' dir='ltr'>mercede</span> <span class='ocrx_word' id='word_1_166' title='bbox 833 2376 1093 2445; x_wconf 82' lang='lat' dir='ltr'>ampliori</span> <span class='ocrx_word' id='word_1_167' title='bbox 1112 2393 1125 2430; x_wconf 89' lang='lat'>:</span> <span class='ocrx_word' id='word_1_168' title='bbox 1143 2378 1437 2446; x_wconf 88' lang='lat' dir='ltr'>quoniam,</span> 
     </span>
     <span class='ocr_line' id='line_1_30' title="bbox 241 2448 1442 2519; baseline -0.002 -15"><span class='ocrx_word' id='word_1_169' title='bbox 241 2448 566 2504; x_wconf 86' lang='lat' dir='ltr'>secundum</span> <span class='ocrx_word' id='word_1_170' title='bbox 585 2448 909 2519; x_wconf 79' lang='lat' dir='ltr'>Apostoluu</span> <span class='ocrx_word' id='word_1_171' title='bbox 948 2464 960 2503; x_wconf 89' lang='lat'>:</span> <span class='ocrx_word' id='word_1_172' title='bbox 995 2448 1163 2503; x_wconf 78' lang='lat' dir='ltr'>Corde</span> <span class='ocrx_word' id='word_1_173' title='bbox 1195 2448 1442 2503; x_wconf 83' lang='lat' dir='ltr'>creditur</span> 
     </span>
     <span class='ocr_line' id='line_1_31' title="bbox 243 2520 1441 2590; baseline -0.002 -13"><span class='ocrx_word' id='word_1_174' title='bbox 243 2520 326 2577; x_wconf 82' lang='lat' dir='ltr'>ad</span> <span class='ocrx_word' id='word_1_175' title='bbox 363 2520 675 2590; x_wconf 80' lang='lat' dir='ltr'>justitiam,</span> <span class='ocrx_word' id='word_1_176' title='bbox 720 2535 812 2574; x_wconf 87' lang='lat' dir='ltr'>ore</span> <span class='ocrx_word' id='word_1_177' title='bbox 858 2524 1040 2574; x_wconf 83' lang='lat' dir='ltr'>autem</span> <span class='ocrx_word' id='word_1_178' title='bbox 1073 2521 1340 2587; x_wconf 77' lang='lat' dir='ltr'>confessio</span> <span class='ocrx_word' id='word_1_179' title='bbox 1377 2524 1441 2590; x_wconf 78' lang='lat' dir='ltr'>fit</span> 
     </span>
    </p>
   </div>
   <div class='ocr_carea' id='block_1_3' title="bbox 239 2591 1481 2648">
    <p class='ocr_par' dir='ltr' id='par_1_3' title="bbox 239 2591 1481 2648">
     <span class='ocr_line' id='line_1_32' title="bbox 239 2591 1481 2648; baseline -0.001 0"><span class='ocrx_word' id='word_1_180' title='bbox 239 2592 325 2648; x_wconf 81' lang='lat' dir='ltr'>ad</span> <span class='ocrx_word' id='word_1_181' title='bbox 376 2594 635 2647; x_wconf 79' lang='lat' dir='ltr'>salutem.</span> <span class='ocrx_word' id='word_1_182' title='bbox 692 2591 850 2645; x_wconf 81' lang='lat' dir='ltr'>Unde</span> <span class='ocrx_word' id='word_1_183' title='bbox 899 2592 1160 2646; x_wconf 82' lang='lat' dir='ltr'>Rabanus</span> <span class='ocrx_word' id='word_1_184' title='bbox 1190 2610 1207 2645; x_wconf 74' lang='grc' dir='ltr'><strong><em>ε</em></strong></span> <span class='ocrx_word' id='word_1_185' title='bbox 1260 2612 1282 2642; x_wconf 79' lang='grc' dir='ltr'>ι</span> <span class='ocrx_word' id='word_1_186' title='bbox 1317 2592 1481 2648; x_wconf 53' lang='lat' dir='ltr'>Non‘</span> 
     </span>
    </p>
   </div>
   <div class='ocr_carea' id='block_1_4' title="bbox 240 2662 1453 4367">
    <p class='ocr_par' dir='ltr' id='par_1_4' title="bbox 240 2662 1450 4154">
     <span class='ocr_line' id='line_1_33' title="bbox 243 2662 1440 2791; baseline 0 -73"><span class='ocrx_word' id='word_1_187' title='bbox 243 2664 409 2791; x_wconf 54' lang='lat' dir='ltr'>guasi</span> <span class='ocrx_word' id='word_1_188' title='bbox 470 2663 695 2718; x_wconf 89' lang='lat' dir='ltr'>nescius</span> <span class='ocrx_word' id='word_1_189' title='bbox 754 2664 1164 2732; x_wconf 70' lang='lat' dir='ltr'>interrogabat,</span> <span class='ocrx_word' id='word_1_190' title='bbox 1222 2662 1322 2717; x_wconf 90' lang='lat' dir='ltr'>sed</span> <span class='ocrx_word' id='word_1_191' title='bbox 1378 2667 1440 2718; x_wconf 91' lang='lat' dir='ltr'>ut</span> 
     </span>
     <span class='ocr_line' id='line_1_34' title="bbox 292 2732 1437 2801; baseline 0 -11"><span class='ocrx_word' id='word_1_192' title='bbox 292 2735 425 2791; x_wconf 89' lang='lat' dir='ltr'>dem</span> <span class='ocrx_word' id='word_1_193' title='bbox 464 2732 742 2789; x_wconf 78' lang='lat' dir='ltr'>confessio</span> <span class='ocrx_word' id='word_1_194' title='bbox 763 2741 1005 2801; x_wconf 85' lang='lat' dir='ltr'>promat,</span> <span class='ocrx_word' id='word_1_195' title='bbox 1021 2734 1437 2790; x_wconf 80' lang='lat' dir='ltr'>confessionem</span> 
     </span>
     <span class='ocr_line' id='line_1_35' title="bbox 242 2803 1435 2875; baseline -0.002 -15"><span class='ocrx_word' id='word_1_196' title='bbox 242 2803 730 2875; x_wconf 81' lang='lat' dir='ltr'>virtuS‚salusque</span> <span class='ocrx_word' id='word_1_197' title='bbox 761 2806 1064 2859; x_wconf 81' lang='lat' dir='ltr'>comitetur</span> <span class='ocrx_word' id='word_1_198' title='bbox 1085 2804 1373 2861; x_wconf 87' lang='lat' dir='ltr'>virtutem.</span> <span class='ocrx_word' id='word_1_199' title='bbox 1406 2824 1435 2858; x_wconf 85' lang='lat'>»</span> 
     </span>
     <span class='ocr_line' id='line_1_36' title="bbox 242 2875 1436 2946; baseline -0.001 -14"><span class='ocrx_word' id='word_1_200' title='bbox 242 2879 453 2933; x_wconf 69' lang='lat' dir='ltr'>Divum</span> <span class='ocrx_word' id='word_1_201' title='bbox 480 2878 553 2940; x_wconf 85' lang='lat' dir='ltr'>ei,</span> <span class='ocrx_word' id='word_1_202' title='bbox 595 2875 768 2931; x_wconf 78' lang='lat' dir='ltr'>fidem</span> <span class='ocrx_word' id='word_1_203' title='bbox 802 2875 1142 2931; x_wconf 81' lang='lat' dir='ltr'>confidendo</span> <span class='ocrx_word' id='word_1_204' title='bbox 1171 2893 1184 2931; x_wconf 88' lang='lat'>:</span> <span class='ocrx_word' id='word_1_205' title='bbox 1216 2878 1436 2946; x_wconf 80' lang='lat' dir='ltr'>Utique,</span> 
     </span>
     <span class='ocr_line' id='line_1_37' title="bbox 241 2948 1439 3014; baseline -0.001 -10"><span class='ocrx_word' id='word_1_206' title='bbox 241 2949 498 3004; x_wconf 84' lang='lat' dir='ltr'>Domine.</span> <span class='ocrx_word' id='word_1_207' title='bbox 553 2948 656 3002; x_wconf 85' lang='lat' dir='ltr'>Ubi</span> <span class='ocrx_word' id='word_1_208' title='bbox 705 2949 1117 3014; x_wconf 78' lang='lat' dir='ltr'>Chrysostomus</span> <span class='ocrx_word' id='word_1_209' title='bbox 1154 2966 1171 3002; x_wconf 91' lang='lat'>.·</span> <span class='ocrx_word' id='word_1_210' title='bbox 1237 2968 1265 2999; x_wconf 92' lang='lat'>«</span> <span class='ocrx_word' id='word_1_211' title='bbox 1316 2949 1439 3004; x_wconf 87' lang='lat' dir='ltr'>Non</span> 
     </span>
     <span class='ocr_line' id='line_1_38' title="bbox 242 3017 1438 3086; baseline -0.001 -12"><span class='ocrx_word' id='word_1_212' title='bbox 242 3019 404 3080; x_wconf 86' lang='lat' dir='ltr'>ultra</span> <span class='ocrx_word' id='word_1_213' title='bbox 435 3017 614 3073; x_wconf 84' lang='lat' dir='ltr'>filium</span> <span class='ocrx_word' id='word_1_214' title='bbox 671 3020 847 3073; x_wconf 77' lang='lat' dir='ltr'>David</span> <span class='ocrx_word' id='word_1_215' title='bbox 895 3026 1114 3086; x_wconf 80' lang='lat' dir='ltr'>vocant,</span> <span class='ocrx_word' id='word_1_216' title='bbox 1146 3020 1244 3074; x_wconf 89' lang='lat' dir='ltr'>sed</span> <span class='ocrx_word' id='word_1_217' title='bbox 1269 3019 1438 3074; x_wconf 86' lang='lat' dir='ltr'>altius</span> 
     </span>
     <span class='ocr_line' id='line_1_39' title="bbox 245 3090 1437 3149; baseline -0.002 -3"><span class='ocrx_word' id='word_1_218' title='bbox 245 3090 661 3149; x_wconf 81' lang='lat' dir='ltr'>extenduntur.</span> <span class='ocrx_word' id='word_1_219' title='bbox 712 3094 770 3143; x_wconf 85' lang='lat' dir='ltr'>et</span> <span class='ocrx_word' id='word_1_220' title='bbox 802 3105 932 3144; x_wconf 91' lang='lat' dir='ltr'>eum</span> <span class='ocrx_word' id='word_1_221' title='bbox 968 3091 1269 3144; x_wconf 82' lang='lat' dir='ltr'>Dominum</span> <span class='ocrx_word' id='word_1_222' title='bbox 1300 3104 1437 3145; x_wconf 91' lang='lat' dir='ltr'>con-</span> 
     </span>
     <span class='ocr_line' id='line_1_40' title="bbox 240 3159 1435 3231; baseline -0.005 -14"><span class='ocrx_word' id='word_1_223' title='bbox 240 3161 511 3230; x_wconf 87' lang='lat' dir='ltr'>fitentur,</span> <span class='ocrx_word' id='word_1_224' title='bbox 536 3161 686 3230; x_wconf 91' lang='lat' dir='ltr'>quod</span> <span class='ocrx_word' id='word_1_225' title='bbox 712 3165 795 3216; x_wconf 81' lang='lat' dir='ltr'>est</span> <span class='ocrx_word' id='word_1_226' title='bbox 823 3176 1028 3215; x_wconf 87' lang='lat' dir='ltr'>nomen</span> <span class='ocrx_word' id='word_1_227' title='bbox 1062 3159 1369 3231; x_wconf 87' lang='lat' dir='ltr'>potestatis.</span> <span class='ocrx_word' id='word_1_228' title='bbox 1404 3180 1435 3211; x_wconf 65' lang='grc' dir='ltr'><strong>η</strong></span> 
     </span>
     <span class='ocr_line' id='line_1_41' title="bbox 248 3232 1442 3302; baseline 0 -14"><span class='ocrx_word' id='word_1_229' title='bbox 248 3234 430 3299; x_wconf 80' lang='lat' dir='ltr'>Tune,</span> <span class='ocrx_word' id='word_1_230' title='bbox 464 3238 589 3302; x_wconf 89' lang='lat' dir='ltr'>post</span> <span class='ocrx_word' id='word_1_231' title='bbox 614 3233 1026 3288; x_wconf 67' lang='lat' dir='ltr'>confessionem</span> <span class='ocrx_word' id='word_1_232' title='bbox 1069 3232 1221 3299; x_wconf 79' lang='lat' dir='ltr'>fidei,</span> <span class='ocrx_word' id='word_1_233' title='bbox 1254 3233 1442 3299; x_wconf 69' lang='lat' dir='ltr'>tetiqit</span> 
     </span>
     <span class='ocr_line' id='line_1_42' title="bbox 246 3303 1445 3360; baseline -0.001 -1"><span class='ocrx_word' id='word_1_234' title='bbox 246 3304 438 3360; x_wconf 80' lang='lat' dir='ltr'>oeulos</span> <span class='ocrx_word' id='word_1_235' title='bbox 464 3318 669 3359; x_wconf 83' lang='lat' dir='ltr'>eorum.</span> <span class='ocrx_word' id='word_1_236' title='bbox 696 3305 797 3359; x_wconf 91' lang='lat' dir='ltr'>Ubi</span> <span class='ocrx_word' id='word_1_237' title='bbox 830 3304 1090 3359; x_wconf 81' lang='lat' dir='ltr'>Rabanus</span> <span class='ocrx_word' id='word_1_238' title='bbox 1115 3322 1132 3357; x_wconf 75' lang='grc' dir='ltr'><strong><em>ε</em></strong></span> <span class='ocrx_word' id='word_1_239' title='bbox 1167 3321 1195 3355; x_wconf 89' lang='lat'>«</span> <span class='ocrx_word' id='word_1_240' title='bbox 1220 3303 1445 3358; x_wconf 81' lang='lat' dir='ltr'>Confes-</span> 
     </span>
     <span class='ocr_line' id='line_1_43' title="bbox 246 3373 1444 3444; baseline 0 -15"><span class='ocrx_word' id='word_1_241' title='bbox 246 3373 341 3430; x_wconf 83' lang='lat' dir='ltr'>sio</span> <span class='ocrx_word' id='word_1_242' title='bbox 368 3375 487 3430; x_wconf 87' lang='lat' dir='ltr'>oris</span> <span class='ocrx_word' id='word_1_243' title='bbox 527 3379 737 3430; x_wconf 87' lang='lat' dir='ltr'>tactum</span> <span class='ocrx_word' id='word_1_244' title='bbox 780 3376 987 3430; x_wconf 80' lang='lat' dir='ltr'>meruit</span> <span class='ocrx_word' id='word_1_245' title='bbox 1025 3375 1231 3429; x_wconf 71' lang='lat' dir='ltr'>divinae</span> <span class='ocrx_word' id='word_1_246' title='bbox 1263 3373 1444 3444; x_wconf 89' lang='lat' dir='ltr'>pieta·</span> 
     </span>
     <span class='ocr_line' id='line_1_44' title="bbox 247 3445 1444 3516; baseline -0.003 -14"><span class='ocrx_word' id='word_1_247' title='bbox 247 3447 347 3502; x_wconf 76' lang='lat' dir='ltr'>tis.</span> <span class='ocrx_word' id='word_1_248' title='bbox 368 3445 527 3501; x_wconf 83' lang='lat' dir='ltr'>Felix</span> <span class='ocrx_word' id='word_1_249' title='bbox 551 3447 839 3512; x_wconf 86' lang='lat' dir='ltr'>tactus‚ad</span> <span class='ocrx_word' id='word_1_250' title='bbox 868 3462 1039 3515; x_wconf 84' lang='lat' dir='ltr'>quem</span> <span class='ocrx_word' id='word_1_251' title='bbox 1067 3451 1225 3500; x_wconf 88' lang='lat' dir='ltr'>tanta</span> <span class='ocrx_word' id='word_1_252' title='bbox 1252 3445 1444 3516; x_wconf 87' lang='lat' dir='ltr'>sequi-</span> 
     </span>
     <span class='ocr_line' id='line_1_45' title="bbox 247 3516 1448 3586; baseline 0 -14"><span class='ocrx_word' id='word_1_253' title='bbox 247 3522 349 3572; x_wconf 86' lang='lat' dir='ltr'>tur</span> <span class='ocrx_word' id='word_1_254' title='bbox 375 3516 602 3572; x_wconf 77' lang='lat' dir='ltr'>virtus!</span> <span class='ocrx_word' id='word_1_255' title='bbox 639 3535 667 3569; x_wconf 93' lang='lat'>»</span> <span class='ocrx_word' id='word_1_256' title='bbox 703 3520 766 3572; x_wconf 85' lang='lat' dir='ltr'>Et</span> <span class='ocrx_word' id='word_1_257' title='bbox 803 3517 940 3572; x_wconf 78' lang='lat' dir='ltr'>dixit</span> <span class='ocrx_word' id='word_1_258' title='bbox 972 3536 990 3571; x_wconf 82' lang='lat'>.-</span> <span class='ocrx_word' id='word_1_259' title='bbox 1029 3517 1338 3574; x_wconf 82' lang='lat' dir='ltr'>Secundum</span> <span class='ocrx_word' id='word_1_260' title='bbox 1385 3519 1448 3586; x_wconf 75' lang='lat' dir='ltr'>fi-</span> 
     </span>
     <span class='ocr_line' id='line_1_46' title="bbox 250 3587 1447 3657; baseline -0.001 -14"><span class='ocrx_word' id='word_1_261' title='bbox 250 3587 380 3643; x_wconf 81' lang='lat' dir='ltr'>dem</span> <span class='ocrx_word' id='word_1_262' title='bbox 407 3592 647 3643; x_wconf 81' lang='lat' dir='ltr'>vestram</span> <span class='ocrx_word' id='word_1_263' title='bbox 698 3591 800 3657; x_wconf 78' lang='lat' dir='ltr'>fiat</span> <span class='ocrx_word' id='word_1_264' title='bbox 854 3589 1025 3656; x_wconf 74' lang='lat' dir='ltr'>vobiS,</span> <span class='ocrx_word' id='word_1_265' title='bbox 1055 3589 1111 3644; x_wconf 90' lang='lat' dir='ltr'>id</span> <span class='ocrx_word' id='word_1_266' title='bbox 1168 3594 1254 3644; x_wconf 79' lang='lat' dir='ltr'>est</span> <span class='ocrx_word' id='word_1_267' title='bbox 1299 3589 1447 3643; x_wconf 90' lang='lat' dir='ltr'>sicut</span> 
     </span>
     <span class='ocr_line' id='line_1_47' title="bbox 252 3657 1450 3728; baseline 0 -14"><span class='ocrx_word' id='word_1_268' title='bbox 252 3657 402 3714; x_wconf 83' lang='lat' dir='ltr'>fides</span> <span class='ocrx_word' id='word_1_269' title='bbox 432 3665 681 3714; x_wconf 87' lang='lat' dir='ltr'>mentem</span> <span class='ocrx_word' id='word_1_270' title='bbox 715 3660 1017 3728; x_wconf 81' lang='lat' dir='ltr'>illuminat,</span> <span class='ocrx_word' id='word_1_271' title='bbox 1052 3661 1130 3714; x_wconf 90' lang='lat' dir='ltr'>ita</span> <span class='ocrx_word' id='word_1_272' title='bbox 1161 3658 1337 3714; x_wconf 88' lang='lat' dir='ltr'>oculis</span> <span class='ocrx_word' id='word_1_273' title='bbox 1366 3660 1450 3713; x_wconf 91' lang='lat' dir='ltr'>lu-</span> 
     </span>
     <span class='ocr_line' id='line_1_48' title="bbox 256 3727 1444 3797; baseline 0 -13"><span class='ocrx_word' id='word_1_274' title='bbox 256 3744 386 3784; x_wconf 90' lang='lat' dir='ltr'>cem</span> <span class='ocrx_word' id='word_1_275' title='bbox 430 3730 719 3797; x_wconf 88' lang='lat' dir='ltr'>restituat;</span> <span class='ocrx_word' id='word_1_276' title='bbox 775 3737 831 3784; x_wconf 86' lang='lat' dir='ltr'>et</span> <span class='ocrx_word' id='word_1_277' title='bbox 881 3733 1092 3796; x_wconf 82' lang='lat' dir='ltr'>statim,</span> <span class='ocrx_word' id='word_1_278' title='bbox 1144 3727 1444 3786; x_wconf 85' lang='lat' dir='ltr'>illuminati</span> 
     </span>
     <span class='ocr_line' id='line_1_49' title="bbox 254 3803 1443 3871; baseline 0.002 -16"><span class='ocrx_word' id='word_1_279' title='bbox 254 3804 415 3867; x_wconf 84' lang='lat' dir='ltr'>sunt,</span> <span class='ocrx_word' id='word_1_280' title='bbox 445 3804 500 3855; x_wconf 80' lang='lat' dir='ltr'>et</span> <span class='ocrx_word' id='word_1_281' title='bbox 527 3805 709 3871; x_wconf 83' lang='lat' dir='ltr'>aperti</span> <span class='ocrx_word' id='word_1_282' title='bbox 733 3807 863 3857; x_wconf 80' lang='lat' dir='ltr'>sunt</span> <span class='ocrx_word' id='word_1_283' title='bbox 893 3803 1039 3857; x_wconf 77' lang='lat' dir='ltr'>oculi</span> <span class='ocrx_word' id='word_1_284' title='bbox 1064 3817 1265 3856; x_wconf 84' lang='lat' dir='ltr'>eorum.</span> <span class='ocrx_word' id='word_1_285' title='bbox 1301 3803 1443 3860; x_wconf 91' lang='lat' dir='ltr'>Ecce</span> 
     </span>
     <span class='ocr_line' id='line_1_50' title="bbox 258 3872 1443 3944; baseline 0.001 -18"><span class='ocrx_word' id='word_1_286' title='bbox 258 3876 484 3941; x_wconf 86' lang='lat' dir='ltr'>quanta</span> <span class='ocrx_word' id='word_1_287' title='bbox 511 3878 594 3926; x_wconf 89' lang='lat' dir='ltr'>est</span> <span class='ocrx_word' id='word_1_288' title='bbox 629 3872 769 3927; x_wconf 79' lang='lat' dir='ltr'>fides</span> <span class='ocrx_word' id='word_1_289' title='bbox 813 3874 1150 3944; x_wconf 81' lang='lat' dir='ltr'>simpliciter</span> <span class='ocrx_word' id='word_1_290' title='bbox 1200 3873 1443 3929; x_wconf 88' lang='lat' dir='ltr'>creden-</span> 
     </span>
     <span class='ocr_line' id='line_1_51' title="bbox 255 3944 1444 4012; baseline 0.001 -15"><span class='ocrx_word' id='word_1_291' title='bbox 255 3944 431 4009; x_wconf 81' lang='lat' dir='ltr'>tium,</span> <span class='ocrx_word' id='word_1_292' title='bbox 462 3956 591 4012; x_wconf 84' lang='lat' dir='ltr'>quae</span> <span class='ocrx_word' id='word_1_293' title='bbox 622 3955 873 3998; x_wconf 82' lang='lat' dir='ltr'>meretur</span> <span class='ocrx_word' id='word_1_294' title='bbox 909 3952 991 3999; x_wconf 87' lang='lat' dir='ltr'>tot</span> <span class='ocrx_word' id='word_1_295' title='bbox 1019 3946 1297 4000; x_wconf 91' lang='lat' dir='ltr'>donorum</span> <span class='ocrx_word' id='word_1_296' title='bbox 1325 3944 1444 3999; x_wconf 87' lang='lat' dir='ltr'>col·</span> 
     </span>
     <span class='ocr_line' id='line_1_52' title="bbox 257 4013 1448 4087; baseline 0.001 -20"><span class='ocrx_word' id='word_1_297' title='bbox 257 4013 565 4084; x_wconf 86' lang='lat' dir='ltr'>lationem,</span> <span class='ocrx_word' id='word_1_298' title='bbox 624 4021 682 4069; x_wconf 90' lang='lat' dir='ltr'>et</span> <span class='ocrx_word' id='word_1_299' title='bbox 738 4020 1109 4087; x_wconf 82' lang='lat' dir='ltr'>augmentum</span> <span class='ocrx_word' id='word_1_300' title='bbox 1138 4031 1174 4070; x_wconf 89' lang='lat' dir='ltr'>a</span> <span class='ocrx_word' id='word_1_301' title='bbox 1216 4017 1354 4086; x_wconf 86' lang='lat' dir='ltr'>De0,</span> <span class='ocrx_word' id='word_1_302' title='bbox 1386 4019 1448 4069; x_wconf 92' lang='lat' dir='ltr'>ut</span> 
     </span>
     <span class='ocr_line' id='line_1_53' title="bbox 260 4084 1230 4154; baseline 0.004 -16"><span class='ocrx_word' id='word_1_303' title='bbox 260 4084 466 4139; x_wconf 91' lang='lat' dir='ltr'>omnia</span> <span class='ocrx_word' id='word_1_304' title='bbox 497 4086 783 4154; x_wconf 82' lang='lat' dir='ltr'>possibilia</span> <span class='ocrx_word' id='word_1_305' title='bbox 812 4090 926 4141; x_wconf 75' lang='lat' dir='ltr'>sint</span> <span class='ocrx_word' id='word_1_306' title='bbox 957 4087 1230 4143; x_wconf 81' lang='lat' dir='ltr'>credenti.</span> 
     </span>
    </p>

    <p class='ocr_par' dir='ltr' id='par_1_5' title="bbox 245 4154 1453 4367">
     <span class='ocr_line' id='line_1_54' title="bbox 329 4154 1448 4214; baseline 0.003 -4"><span class='ocrx_word' id='word_1_307' title='bbox 329 4175 360 4210; x_wconf 80' lang='lat'>2</span> <span class='ocrx_word' id='word_1_308' title='bbox 395 4154 840 4213; x_wconf 63' lang='lat' dir='ltr'>Cmcnusnn‘rffl</span> <span class='ocrx_word' id='word_1_309' title='bbox 872 4175 1187 4214; x_wconf 72' lang='lat' dir='ltr'>cuaAnoms</span> <span class='ocrx_word' id='word_1_310' title='bbox 1216 4173 1448 4213; x_wconf 77' lang='lat' dir='ltr'>1psontm</span> 
     </span>
     <span class='ocr_line' id='line_1_55' title="bbox 250 4241 1446 4285; baseline 0.004 -6"><span class='ocrx_word' id='word_1_311' title='bbox 250 4241 467 4281; x_wconf 70' lang='lat' dir='ltr'>noca-m·</span> <span class='ocrx_word' id='word_1_312' title='bbox 496 4244 679 4283; x_wconf 68' lang='lat' dir='ltr'>vANAn</span> <span class='ocrx_word' id='word_1_313' title='bbox 718 4246 954 4285; x_wconf 68' lang='lat' dir='ltr'>omnum</span> <span class='ocrx_word' id='word_1_314' title='bbox 1000 4248 1125 4284; x_wconf 75' lang='lat' dir='ltr'>esse</span> <span class='ocrx_word' id='word_1_315' title='bbox 1156 4246 1446 4285; x_wconf 72' lang='lat' dir='ltr'>vrrANnAn.</span> 
     </span>
     <span class='ocr_line' id='line_1_56' title="bbox 245 4299 1453 4367; baseline 0.003 -14"><span class='ocrx_word' id='word_1_316' title='bbox 245 4325 321 4340; x_wconf 89' lang='lat'>—</span> <span class='ocrx_word' id='word_1_317' title='bbox 361 4299 496 4354; x_wconf 83' lang='lat' dir='ltr'>Non</span> <span class='ocrx_word' id='word_1_318' title='bbox 523 4314 621 4354; x_wconf 91' lang='lat' dir='ltr'>eos</span> <span class='ocrx_word' id='word_1_319' title='bbox 652 4300 924 4356; x_wconf 81' lang='lat' dir='ltr'>Dominus</span> <span class='ocrx_word' id='word_1_320' title='bbox 954 4304 1013 4356; x_wconf 90' lang='lat' dir='ltr'>in</span> <span class='ocrx_word' id='word_1_321' title='bbox 1059 4303 1149 4356; x_wconf 87' lang='lat' dir='ltr'>via</span> <span class='ocrx_word' id='word_1_322' title='bbox 1177 4306 1357 4367; x_wconf 85' lang='lat' dir='ltr'>curat,</span> <span class='ocrx_word' id='word_1_323' title='bbox 1391 4307 1453 4357; x_wconf 87' lang='lat' dir='ltr'>ut</span> 
     </span>
    </p>
   </div>
   <div class='ocr_carea' id='block_1_5' title="bbox 399 4391 1256 4459">
    <p class='ocr_par' dir='ltr' id='par_1_6' title="bbox 399 4391 1256 4459">
     <span class='ocr_line' id='line_1_57' title="bbox 399 4391 1256 4459; baseline 0.002 -15"><span class='ocrx_word' id='word_1_324' title='bbox 399 4391 546 4444; x_wconf 77' lang='lat' dir='ltr'>Vm</span> <span class='ocrx_word' id='word_1_325' title='bbox 570 4393 701 4446; x_wconf 71' lang='lat' dir='ltr'>stu</span> <span class='ocrx_word' id='word_1_326' title='bbox 726 4397 967 4459; x_wconf 66' lang='lat' dir='ltr'>Cunis‘rt,</span> <span class='ocrx_word' id='word_1_327' title='bbox 987 4409 1159 4448; x_wconf 70' lang='lat' dir='ltr'>‘tonus</span> <span class='ocrx_word' id='word_1_328' title='bbox 1183 4395 1256 4448; x_wconf 84' lang='lat'>11.</span> 
     </span>
    </p>
   </div>
   <div class='ocr_carea' id='block_1_6' title="bbox 1557 454 2762 4373">
    <p class='ocr_par' dir='ltr' id='par_1_7' title="bbox 1557 454 2762 4373">
     <span class='ocr_line' id='line_1_58' title="bbox 1568 454 2752 532; baseline 0.006 -22"><span class='ocrx_word' id='word_1_329' title='bbox 1568 454 1771 511; x_wconf 88' lang='lat' dir='ltr'>laudes</span> <span class='ocrx_word' id='word_1_330' title='bbox 1827 454 2125 512; x_wconf 88' lang='lat' dir='ltr'>hominum</span> <span class='ocrx_word' id='word_1_331' title='bbox 2179 460 2238 513; x_wconf 89' lang='lat' dir='ltr'>et</span> <span class='ocrx_word' id='word_1_332' title='bbox 2279 456 2571 527; x_wconf 62' lang='lat' dir='ltr'>jactantiae</span> <span class='ocrx_word' id='word_1_333' title='bbox 2628 459 2752 532; x_wconf 88' lang='lat' dir='ltr'>glo·</span> 
     </span>
     <span class='ocr_line' id='line_1_59' title="bbox 1566 525 2755 599; baseline 0.004 -17"><span class='ocrx_word' id='word_1_334' title='bbox 1566 526 1715 583; x_wconf 84' lang='lat' dir='ltr'>riam</span> <span class='ocrx_word' id='word_1_335' title='bbox 1749 525 1929 582; x_wconf 77' lang='lat' dir='ltr'>vitare</span> <span class='ocrx_word' id='word_1_336' title='bbox 1966 527 2186 584; x_wconf 87' lang='lat' dir='ltr'>doceat.</span> <span class='ocrx_word' id='word_1_337' title='bbox 2230 528 2389 584; x_wconf 87' lang='lat' dir='ltr'>Unde</span> <span class='ocrx_word' id='word_1_338' title='bbox 2429 531 2755 599; x_wconf 78' lang='lat' dir='ltr'>chrysosto-</span> 
     </span>
     <span class='ocr_line' id='line_1_60' title="bbox 1566 600 2762 659; baseline 0.004 -6"><span class='ocrx_word' id='word_1_339' title='bbox 1566 613 1690 653; x_wconf 77' lang='lat' dir='ltr'>mus</span> <span class='ocrx_word' id='word_1_340' title='bbox 1728 616 1746 652; x_wconf 70' lang='grc' dir='ltr'><strong><em>ι</em></strong></span> <span class='ocrx_word' id='word_1_341' title='bbox 1787 616 1821 650; x_wconf 71' lang='grc' dir='ltr'>ι</span> <span class='ocrx_word' id='word_1_342' title='bbox 1868 600 2080 654; x_wconf 85' lang='lat' dir='ltr'>Rursus</span> <span class='ocrx_word' id='word_1_343' title='bbox 2140 606 2332 654; x_wconf 80' lang='lat' dir='ltr'>autem</span> <span class='ocrx_word' id='word_1_344' title='bbox 2393 600 2504 655; x_wconf 79' lang='lat' dir='ltr'>hoc</span> <span class='ocrx_word' id='word_1_345' title='bbox 2570 600 2762 659; x_wconf 82' lang='lat' dir='ltr'>erudit</span> 
     </span>
     <span class='ocr_line' id='line_1_61' title="bbox 1566 667 2749 743; baseline 0.004 -19"><span class='ocrx_word' id='word_1_346' title='bbox 1566 684 1672 724; x_wconf 90' lang='lat' dir='ltr'>nos</span> <span class='ocrx_word' id='word_1_347' title='bbox 1719 667 1959 741; x_wconf 85' lang='lat' dir='ltr'>gloriam</span> <span class='ocrx_word' id='word_1_348' title='bbox 2011 670 2385 726; x_wconf 73' lang='lat' dir='ltr'>multitudinis</span> <span class='ocrx_word' id='word_1_349' title='bbox 2432 671 2749 743; x_wconf 82' lang='lat' dir='ltr'>expellere;</span> 
     </span>
     <span class='ocr_line' id='line_1_62' title="bbox 1566 739 2755 812; baseline 0.004 -18"><span class='ocrx_word' id='word_1_350' title='bbox 1566 739 1703 811; x_wconf 86' lang='lat' dir='ltr'>quia</span> <span class='ocrx_word' id='word_1_351' title='bbox 1750 739 1903 797; x_wconf 90' lang='lat' dir='ltr'>enim</span> <span class='ocrx_word' id='word_1_352' title='bbox 1953 755 2124 810; x_wconf 81' lang='lat' dir='ltr'>prope</span> <span class='ocrx_word' id='word_1_353' title='bbox 2154 748 2278 797; x_wconf 83' lang='lat' dir='ltr'>erat</span> <span class='ocrx_word' id='word_1_354' title='bbox 2337 743 2559 812; x_wconf 89' lang='lat' dir='ltr'>domus,</span> <span class='ocrx_word' id='word_1_355' title='bbox 2596 742 2755 800; x_wconf 84' lang='lat' dir='ltr'>ducit</span> 
     </span>
     <span class='ocr_line' id='line_1_63' title="bbox 1564 811 2752 871; baseline 0.003 -5"><span class='ocrx_word' id='word_1_356' title='bbox 1564 826 1662 867; x_wconf 91' lang='lat' dir='ltr'>eos</span> <span class='ocrx_word' id='word_1_357' title='bbox 1713 811 1846 868; x_wconf 91' lang='lat' dir='ltr'>illuc</span> <span class='ocrx_word' id='word_1_358' title='bbox 1910 812 1999 866; x_wconf 90' lang='lat' dir='ltr'>sin</span> <span class='ocrx_word' id='word_1_359' title='bbox 2044 813 2275 868; x_wconf 76' lang='lat' dir='ltr'>ulariter</span> <span class='ocrx_word' id='word_1_360' title='bbox 2337 821 2658 871; x_wconf 78' lang='lat' dir='ltr'>curaturus,</span> <span class='ocrx_word' id='word_1_361' title='bbox 2722 832 2752 869; x_wconf 67' lang='grc' dir='ltr'><strong>υ</strong></span> 
     </span>
     <span class='ocr_line' id='line_1_64' title="bbox 1567 881 2755 952; baseline 0.005 -16"><span class='ocrx_word' id='word_1_362' title='bbox 1567 881 1726 937; x_wconf 90' lang='lat' dir='ltr'>Unde</span> <span class='ocrx_word' id='word_1_363' title='bbox 1757 888 1988 952; x_wconf 89' lang='lat' dir='ltr'>propter</span> <span class='ocrx_word' id='word_1_364' title='bbox 2058 885 2393 940; x_wconf 72' lang='lat' dir='ltr'>umilitatem</span> <span class='ocrx_word' id='word_1_365' title='bbox 2415 884 2588 941; x_wconf 88' lang='lat' dir='ltr'>etiam</span> <span class='ocrx_word' id='word_1_366' title='bbox 2611 901 2755 942; x_wconf 84' lang='lat' dir='ltr'>com·</span> 
     </span>
     <span class='ocr_line' id='line_1_65' title="bbox 1562 948 2752 1015; baseline 0.008 -9"><span class='ocrx_word' id='word_1_367' title='bbox 1562 948 1808 1008; x_wconf 62' lang='lat' dir='ltr'>minatus</span> <span class='ocrx_word' id='word_1_368' title='bbox 1854 960 1934 1009; x_wconf 79' lang='lat' dir='ltr'>est</span> <span class='ocrx_word' id='word_1_369' title='bbox 1974 955 2094 1010; x_wconf 80' lang='lat' dir='ltr'>illis</span> <span class='ocrx_word' id='word_1_370' title='bbox 2146 955 2332 1011; x_wconf 83' lang='lat' dir='ltr'>dicens</span> <span class='ocrx_word' id='word_1_371' title='bbox 2380 974 2394 1012; x_wconf 93' lang='lat'><strong>:</strong></span> <span class='ocrx_word' id='word_1_372' title='bbox 2449 957 2647 1014; x_wconf 81' lang='lat' dir='ltr'>Videte</span> <span class='ocrx_word' id='word_1_373' title='bbox 2683 972 2752 1015; x_wconf 74' lang='lat' dir='ltr'>ne</span> 
     </span>
     <span class='ocr_line' id='line_1_66' title="bbox 1562 1026 2745 1100; baseline 0.007 -22"><span class='ocrx_word' id='word_1_374' title='bbox 1562 1026 1692 1094; x_wconf 79' lang='lat' dir='ltr'>quis</span> <span class='ocrx_word' id='word_1_375' title='bbox 1726 1026 1888 1092; x_wconf 79' lang='lat' dir='ltr'>sciat,</span> <span class='ocrx_word' id='word_1_376' title='bbox 1925 1031 1986 1079; x_wconf 90' lang='lat' dir='ltr'>ut</span> <span class='ocrx_word' id='word_1_377' title='bbox 2033 1026 2101 1080; x_wconf 91' lang='lat' dir='ltr'>ad</span> <span class='ocrx_word' id='word_1_378' title='bbox 2155 1026 2479 1097; x_wconf 74' lang='lat' dir='ltr'>fugiendam</span> <span class='ocrx_word' id='word_1_379' title='bbox 2515 1030 2745 1100; x_wconf 82' lang='lat' dir='ltr'>jactan-</span> 
     </span>
     <span class='ocr_line' id='line_1_67' title="bbox 1562 1095 2747 1177; baseline 0.008 -28"><span class='ocrx_word' id='word_1_380' title='bbox 1562 1095 1701 1150; x_wconf 84' lang='lat' dir='ltr'>tiam</span> <span class='ocrx_word' id='word_1_381' title='bbox 1734 1102 1791 1151; x_wconf 92' lang='lat' dir='ltr'>et</span> <span class='ocrx_word' id='word_1_382' title='bbox 1816 1095 2044 1151; x_wconf 89' lang='lat' dir='ltr'>inanem</span> <span class='ocrx_word' id='word_1_383' title='bbox 2076 1097 2317 1177; x_wconf 81' lang='lat' dir='ltr'>gloriam</span> <span class='ocrx_word' id='word_1_384' title='bbox 2352 1113 2455 1154; x_wconf 82' lang='lat' dir='ltr'>nos</span> <span class='ocrx_word' id='word_1_385' title='bbox 2484 1100 2747 1160; x_wconf 78' lang='lat' dir='ltr'>instruat.</span> 
     </span>
     <span class='ocr_line' id='line_1_68' title="bbox 1563 1166 2749 1237; baseline 0.004 -16"><span class='ocrx_word' id='word_1_386' title='bbox 1563 1166 1636 1221; x_wconf 91' lang='lat' dir='ltr'>Ut</span> <span class='ocrx_word' id='word_1_387' title='bbox 1682 1166 1834 1223; x_wconf 90' lang='lat' dir='ltr'>enim</span> <span class='ocrx_word' id='word_1_388' title='bbox 1896 1168 2031 1222; x_wconf 90' lang='lat' dir='ltr'>dicit</span> <span class='ocrx_word' id='word_1_389' title='bbox 2085 1168 2236 1224; x_wconf 82' lang='lat' dir='ltr'>idem</span> <span class='ocrx_word' id='word_1_390' title='bbox 2285 1169 2749 1237; x_wconf 74' lang='lat' dir='ltr'>chrysostomus:</span> 
     </span>
     <span class='ocr_line' id='line_1_69' title="bbox 1564 1237 2749 1304; baseline 0.006 -15"><span class='ocrx_word' id='word_1_391' title='bbox 1564 1237 1810 1293; x_wconf 88' lang='lat' dir='ltr'>«Justus</span> <span class='ocrx_word' id='word_1_392' title='bbox 1839 1253 1967 1293; x_wconf 92' lang='lat' dir='ltr'>cum</span> <span class='ocrx_word' id='word_1_393' title='bbox 2024 1239 2287 1293; x_wconf 72' lang='lat' dir='ltr'>laudatur</span> <span class='ocrx_word' id='word_1_394' title='bbox 2341 1238 2397 1293; x_wconf 92' lang='lat' dir='ltr'>in</span> <span class='ocrx_word' id='word_1_395' title='bbox 2449 1240 2749 1304; x_wconf 84' lang='lat' dir='ltr'>l&#39;acie,ssa·</span> 
     </span>
     <span class='ocr_line' id='line_1_70' title="bbox 1562 1307 2758 1389; baseline 0.004 -28"><span class='ocrx_word' id='word_1_396' title='bbox 1562 1307 1808 1389; x_wconf 86' lang='lat' dir='ltr'>gellatur</span> <span class='ocrx_word' id='word_1_397' title='bbox 1856 1308 1916 1363; x_wconf 90' lang='lat' dir='ltr'>in</span> <span class='ocrx_word' id='word_1_398' title='bbox 1974 1317 2185 1365; x_wconf 85' lang='lat' dir='ltr'>mente.</span> <span class='ocrx_word' id='word_1_399' title='bbox 2239 1333 2262 1357; x_wconf 71' lang='lat' dir='ltr'>n</span> <span class='ocrx_word' id='word_1_400' title='bbox 2320 1310 2428 1365; x_wconf 91' lang='lat' dir='ltr'>Sed</span> <span class='ocrx_word' id='word_1_401' title='bbox 2482 1311 2574 1365; x_wconf 79' lang='lat' dir='ltr'>illi</span> <span class='ocrx_word' id='word_1_402' title='bbox 2617 1308 2758 1366; x_wconf 83' lang='lat' dir='ltr'>caeci</span> 
     </span>
     <span class='ocr_line' id='line_1_71' title="bbox 1562 1377 2753 1452; baseline 0.003 -19"><span class='ocrx_word' id='word_1_403' title='bbox 1562 1377 1869 1433; x_wconf 77' lang='lat' dir='ltr'>illuminati</span> <span class='ocrx_word' id='word_1_404' title='bbox 1894 1393 2174 1442; x_wconf 77' lang='lat' dir='ltr'>exeuntes,</span> <span class='ocrx_word' id='word_1_405' title='bbox 2205 1380 2420 1434; x_wconf 78' lang='lat' dir='ltr'>scilicet</span> <span class='ocrx_word' id='word_1_406' title='bbox 2461 1381 2529 1435; x_wconf 82' lang='lat' dir='ltr'>de</span> <span class='ocrx_word' id='word_1_407' title='bbox 2556 1381 2753 1452; x_wconf 83' lang='lat' dir='ltr'>dome,</span> 
     </span>
     <span class='ocr_line' id='line_1_72' title="bbox 1563 1449 2753 1524; baseline 0.003 -19"><span class='ocrx_word' id='word_1_408' title='bbox 1563 1449 2003 1519; x_wconf 81' lang='lat' dir='ltr'>diffamaverunt</span> <span class='ocrx_word' id='word_1_409' title='bbox 2027 1467 2166 1505; x_wconf 83' lang='lat' dir='ltr'>eum.</span> <span class='ocrx_word' id='word_1_410' title='bbox 2203 1450 2260 1505; x_wconf 91' lang='lat' dir='ltr'>id</span> <span class='ocrx_word' id='word_1_411' title='bbox 2291 1458 2375 1505; x_wconf 86' lang='lat' dir='ltr'>est</span> <span class='ocrx_word' id='word_1_412' title='bbox 2398 1450 2608 1507; x_wconf 82' lang='lat' dir='ltr'>famam</span> <span class='ocrx_word' id='word_1_413' title='bbox 2629 1452 2753 1524; x_wconf 83' lang='lat' dir='ltr'>ejus</span> 
     </span>
     <span class='ocr_line' id='line_1_73' title="bbox 1564 1519 2752 1594; baseline 0.002 -19"><span class='ocrx_word' id='word_1_414' title='bbox 1564 1535 1668 1590; x_wconf 89' lang='lat' dir='ltr'>per</span> <span class='ocrx_word' id='word_1_415' title='bbox 1693 1520 2028 1575; x_wconf 85' lang='lat' dir='ltr'>miraculum</span> <span class='ocrx_word' id='word_1_416' title='bbox 2052 1519 2261 1575; x_wconf 79' lang='lat' dir='ltr'>factum</span> <span class='ocrx_word' id='word_1_417' title='bbox 2287 1523 2752 1594; x_wconf 76' lang='lat' dir='ltr'>divulgaverunt,</span> 
     </span>
     <span class='ocr_line' id='line_1_74' title="bbox 1561 1593 2753 1661; baseline 0.003 -14"><span class='ocrx_word' id='word_1_418' title='bbox 1561 1595 1624 1647; x_wconf 85' lang='lat' dir='ltr'>in</span> <span class='ocrx_word' id='word_1_419' title='bbox 1651 1597 1767 1647; x_wconf 80' lang='lat' dir='ltr'>tota</span> <span class='ocrx_word' id='word_1_420' title='bbox 1794 1600 1942 1647; x_wconf 82' lang='lat' dir='ltr'>terra</span> <span class='ocrx_word' id='word_1_421' title='bbox 1974 1593 2099 1655; x_wconf 84' lang='lat' dir='ltr'>illa,</span> <span class='ocrx_word' id='word_1_422' title='bbox 2120 1598 2176 1646; x_wconf 92' lang='lat' dir='ltr'>et</span> <span class='ocrx_word' id='word_1_423' title='bbox 2210 1593 2430 1661; x_wconf 81' lang='lat' dir='ltr'>publice</span> <span class='ocrx_word' id='word_1_424' title='bbox 2458 1594 2753 1651; x_wconf 84' lang='lat' dir='ltr'>nuntiave-</span> 
     </span>
     <span class='ocr_line' id='line_1_75' title="bbox 1561 1664 2724 1735; baseline 0.002 -17"><span class='ocrx_word' id='word_1_425' title='bbox 1561 1669 1699 1719; x_wconf 89' lang='lat' dir='ltr'>runt</span> <span class='ocrx_word' id='word_1_426' title='bbox 1731 1682 1745 1722; x_wconf 75' lang='grc' dir='ltr'><strong>ε</strong></span> <span class='ocrx_word' id='word_1_427' title='bbox 1786 1669 1843 1718; x_wconf 89' lang='lat' dir='ltr'>et</span> <span class='ocrx_word' id='word_1_428' title='bbox 1872 1671 2107 1734; x_wconf 88' lang='lat' dir='ltr'>propter</span> <span class='ocrx_word' id='word_1_429' title='bbox 2147 1665 2481 1719; x_wconf 56' lang='lat' dir='ltr'>memoriam</span> <span class='ocrx_word' id='word_1_430' title='bbox 2522 1664 2724 1735; x_wconf 83' lang='lat' dir='ltr'>gratiae</span> 
     </span>
     <span class='ocr_line' id='line_1_76' title="bbox 1560 1708 2753 1804; baseline 0.002 -14"><span class='ocrx_word' id='word_1_431' title='bbox 1560 1750 1679 1790; x_wconf 93' lang='lat' dir='ltr'>non</span> <span class='ocrx_word' id='word_1_432' title='bbox 1709 1741 1910 1804; x_wconf 87' lang='lat' dir='ltr'>potuer</span> <span class='ocrx_word' id='word_1_433' title='bbox 1923 1742 2022 1790; x_wconf 82' lang='lat' dir='ltr'>unt</span> <span class='ocrx_word' id='word_1_434' title='bbox 2053 1734 2389 1790; x_wconf 73' lang='lat' dir='ltr'>beneficium</span> <span class='ocrx_word' id='word_1_435' title='bbox 2411 1740 2625 1804; x_wconf 83' lang='lat' dir='ltr'>tacere,</span> <span class='ocrx_word' id='word_1_436' title='bbox 2651 1708 2753 1792; x_wconf 68' lang='lat' dir='ltr'>sed</span> 
     </span>
     <span class='ocr_line' id='line_1_77' title="bbox 1560 1806 2752 1878; baseline 0 -16"><span class='ocrx_word' id='word_1_437' title='bbox 1560 1822 1675 1862; x_wconf 93' lang='lat' dir='ltr'>non</span> <span class='ocrx_word' id='word_1_438' title='bbox 1726 1807 1934 1878; x_wconf 88' lang='lat' dir='ltr'>ingrati</span> <span class='ocrx_word' id='word_1_439' title='bbox 1992 1810 2190 1875; x_wconf 86' lang='lat' dir='ltr'>gratiae</span> <span class='ocrx_word' id='word_1_440' title='bbox 2255 1808 2381 1874; x_wconf 74' lang='lat' dir='ltr'>Uei,</span> <span class='ocrx_word' id='word_1_441' title='bbox 2432 1806 2565 1863; x_wconf 67' lang='lat' dir='ltr'>facti</span> <span class='ocrx_word' id='word_1_442' title='bbox 2617 1811 2752 1863; x_wconf 90' lang='lat' dir='ltr'>sunt</span> 
     </span>
     <span class='ocr_line' id='line_1_78' title="bbox 1565 1878 2754 1950; baseline 0.002 -17"><span class='ocrx_word' id='word_1_443' title='bbox 1565 1879 1691 1950; x_wconf 89' lang='lat' dir='ltr'>ejus</span> <span class='ocrx_word' id='word_1_444' title='bbox 1725 1892 2018 1947; x_wconf 85' lang='lat' dir='ltr'>praecones</span> <span class='ocrx_word' id='word_1_445' title='bbox 2061 1886 2118 1934; x_wconf 89' lang='lat' dir='ltr'>et</span> <span class='ocrx_word' id='word_1_446' title='bbox 2159 1879 2543 1950; x_wconf 66' lang='lat' dir='ltr'>evangelistae.</span> <span class='ocrx_word' id='word_1_447' title='bbox 2589 1878 2754 1935; x_wconf 88' lang='lat' dir='ltr'>Unde</span> 
     </span>
     <span class='ocr_line' id='line_1_79' title="bbox 1559 1951 2746 2021; baseline 0.003 -17"><span class='ocrx_word' id='word_1_448' title='bbox 1559 1952 1926 2018; x_wconf 79' lang='lat' dir='ltr'>Hieronymus</span> <span class='ocrx_word' id='word_1_449' title='bbox 1956 1968 1973 2004; x_wconf 88' lang='lat'>.·</span> <span class='ocrx_word' id='word_1_450' title='bbox 1999 1969 2027 2002; x_wconf 87' lang='lat'>«</span> <span class='ocrx_word' id='word_1_451' title='bbox 2057 1951 2330 2006; x_wconf 86' lang='lat' dir='ltr'>Dominus</span> <span class='ocrx_word' id='word_1_452' title='bbox 2358 1952 2589 2020; x_wconf 81' lang='lat' dir='ltr'>quidem</span> <span class='ocrx_word' id='word_1_453' title='bbox 2621 1966 2746 2021; x_wconf 92' lang='lat' dir='ltr'>pro·</span> 
     </span>
     <span class='ocr_line' id='line_1_80' title="bbox 1563 2022 2748 2092; baseline 0.003 -18"><span class='ocrx_word' id='word_1_454' title='bbox 1563 2025 1693 2091; x_wconf 88' lang='lat' dir='ltr'>pter</span> <span class='ocrx_word' id='word_1_455' title='bbox 1751 2022 2153 2083; x_wconf 79' lang='lat' dir='ltr'>humilitatem,</span> <span class='ocrx_word' id='word_1_456' title='bbox 2195 2022 2413 2090; x_wconf 76' lang='lat' dir='ltr'>fugiens</span> <span class='ocrx_word' id='word_1_457' title='bbox 2457 2022 2748 2092; x_wconf 74' lang='lat' dir='ltr'>Jactantiae</span> 
     </span>
     <span class='ocr_line' id='line_1_81' title="bbox 1561 2091 2754 2164; baseline 0.001 -18"><span class='ocrx_word' id='word_1_458' title='bbox 1561 2092 1830 2164; x_wconf 88' lang='lat' dir='ltr'>gloriam,</span> <span class='ocrx_word' id='word_1_459' title='bbox 1860 2091 1970 2146; x_wconf 89' lang='lat' dir='ltr'>hoc</span> <span class='ocrx_word' id='word_1_460' title='bbox 2011 2099 2394 2161; x_wconf 52' lang='lat' dir='ltr'>praeceperam</span> <span class='ocrx_word' id='word_1_461' title='bbox 2430 2098 2484 2147; x_wconf 92' lang='lat' dir='ltr'>et</span> <span class='ocrx_word' id='word_1_462' title='bbox 2516 2093 2594 2147; x_wconf 91' lang='lat' dir='ltr'>illi</span> <span class='ocrx_word' id='word_1_463' title='bbox 2627 2108 2754 2162; x_wconf 91' lang='lat' dir='ltr'>pro·</span> 
     </span>
     <span class='ocr_line' id='line_1_82' title="bbox 1560 2163 2755 2233; baseline 0 -16"><span class='ocrx_word' id='word_1_464' title='bbox 1560 2169 1689 2232; x_wconf 88' lang='lat' dir='ltr'>pter</span> <span class='ocrx_word' id='word_1_465' title='bbox 1726 2163 2063 2217; x_wconf 85' lang='lat' dir='ltr'>memoriam</span> <span class='ocrx_word' id='word_1_466' title='bbox 2099 2164 2301 2233; x_wconf 64' lang='lat' dir='ltr'>gratiae</span> <span class='ocrx_word' id='word_1_467' title='bbox 2351 2180 2463 2217; x_wconf 91' lang='lat' dir='ltr'>non</span> <span class='ocrx_word' id='word_1_468' title='bbox 2515 2168 2755 2231; x_wconf 89' lang='lat' dir='ltr'>possunt</span> 
     </span>
     <span class='ocr_line' id='line_1_83' title="bbox 1561 2232 2755 2302; baseline 0.002 -14"><span class='ocrx_word' id='word_1_469' title='bbox 1561 2241 1756 2289; x_wconf 88' lang='lat' dir='ltr'>tacere</span> <span class='ocrx_word' id='word_1_470' title='bbox 1785 2232 2147 2289; x_wconf 81' lang='lat' dir='ltr'>beneficium.</span> <span class='ocrx_word' id='word_1_471' title='bbox 2181 2254 2210 2283; x_wconf 87' lang='lat'>»</span> <span class='ocrx_word' id='word_1_472' title='bbox 2245 2235 2402 2289; x_wconf 90' lang='lat' dir='ltr'>Unde</span> <span class='ocrx_word' id='word_1_473' title='bbox 2437 2241 2494 2289; x_wconf 90' lang='lat' dir='ltr'>et</span> <span class='ocrx_word' id='word_1_474' title='bbox 2525 2234 2755 2302; x_wconf 79' lang='lat' dir='ltr'>Chryso-</span> 
     </span>
     <span class='ocr_line' id='line_1_84' title="bbox 1558 2303 2754 2371; baseline 0.001 -11"><span class='ocrx_word' id='word_1_475' title='bbox 1558 2309 1767 2361; x_wconf 80' lang='lat' dir='ltr'>stomus</span> <span class='ocrx_word' id='word_1_476' title='bbox 1802 2322 1816 2361; x_wconf 71' lang='grc' dir='ltr'>ε</span> <span class='ocrx_word' id='word_1_477' title='bbox 1852 2324 1880 2356; x_wconf 88' lang='lat'>«</span> <span class='ocrx_word' id='word_1_478' title='bbox 1909 2306 2067 2371; x_wconf 89' lang='lat' dir='ltr'>Quod</span> <span class='ocrx_word' id='word_1_479' title='bbox 2107 2311 2297 2361; x_wconf 69' lang='lat' dir='ltr'>autem</span> <span class='ocrx_word' id='word_1_480' title='bbox 2349 2306 2514 2362; x_wconf 87' lang='lat' dir='ltr'>alteri</span> <span class='ocrx_word' id='word_1_481' title='bbox 2564 2303 2703 2361; x_wconf 89' lang='lat' dir='ltr'>dicit</span> <span class='ocrx_word' id='word_1_482' title='bbox 2736 2323 2754 2361; x_wconf 73' lang='grc' dir='ltr'><strong><em>ε</em></strong></span> 
     </span>
     <span class='ocr_line' id='line_1_85' title="bbox 1558 2375 2755 2448; baseline -0.001 -15"><span class='ocrx_word' id='word_1_483' title='bbox 1558 2375 1737 2446; x_wconf 88' lang='lat' dir='ltr'>Vade,</span> <span class='ocrx_word' id='word_1_484' title='bbox 1772 2379 1829 2432; x_wconf 86' lang='lat' dir='ltr'>et</span> <span class='ocrx_word' id='word_1_485' title='bbox 1855 2391 2062 2432; x_wconf 87' lang='lat' dir='ltr'>enarra</span> <span class='ocrx_word' id='word_1_486' title='bbox 2087 2377 2330 2448; x_wconf 85' lang='lat' dir='ltr'>gloriam</span> <span class='ocrx_word' id='word_1_487' title='bbox 2366 2379 2487 2446; x_wconf 84' lang='lat' dir='ltr'>Dei,</span> <span class='ocrx_word' id='word_1_488' title='bbox 2524 2392 2642 2432; x_wconf 86' lang='lat' dir='ltr'>non</span> <span class='ocrx_word' id='word_1_489' title='bbox 2667 2381 2755 2433; x_wconf 89' lang='lat' dir='ltr'>est</span> 
     </span>
     <span class='ocr_line' id='line_1_86' title="bbox 1558 2446 2759 2515; baseline 0.001 -13"><span class='ocrx_word' id='word_1_490' title='bbox 1558 2446 1917 2504; x_wconf 88' lang='lat' dir='ltr'>contrarium</span> <span class='ocrx_word' id='word_1_491' title='bbox 1947 2447 2028 2503; x_wconf 90' lang='lat' dir='ltr'>illi</span> <span class='ocrx_word' id='word_1_492' title='bbox 2061 2448 2191 2515; x_wconf 87' lang='lat' dir='ltr'>hoc,</span> <span class='ocrx_word' id='word_1_493' title='bbox 2226 2450 2323 2504; x_wconf 90' lang='lat' dir='ltr'>sed</span> <span class='ocrx_word' id='word_1_494' title='bbox 2351 2458 2407 2505; x_wconf 85' lang='lat' dir='ltr'>et</span> <span class='ocrx_word' id='word_1_495' title='bbox 2431 2449 2596 2505; x_wconf 86' lang='lat' dir='ltr'>valde</span> <span class='ocrx_word' id='word_1_496' title='bbox 2619 2464 2759 2504; x_wconf 89' lang='lat' dir='ltr'>con·</span> 
     </span>
     <span class='ocr_line' id='line_1_87' title="bbox 1561 2519 2746 2591; baseline 0 -17"><span class='ocrx_word' id='word_1_497' title='bbox 1561 2520 1821 2576; x_wconf 80' lang='lat' dir='ltr'>venienS.</span> <span class='ocrx_word' id='word_1_498' title='bbox 1854 2520 2056 2575; x_wconf 86' lang='lat' dir='ltr'>Erudit</span> <span class='ocrx_word' id='word_1_499' title='bbox 2103 2521 2254 2576; x_wconf 89' lang='lat' dir='ltr'>enim</span> <span class='ocrx_word' id='word_1_500' title='bbox 2304 2523 2564 2590; x_wconf 86' lang='lat' dir='ltr'>nosipsos</span> <span class='ocrx_word' id='word_1_501' title='bbox 2617 2519 2746 2591; x_wconf 90' lang='lat' dir='ltr'>qui·</span> 
     </span>
     <span class='ocr_line' id='line_1_88' title="bbox 1558 2590 2749 2660; baseline 0 -14"><span class='ocrx_word' id='word_1_502' title='bbox 1558 2591 1713 2659; x_wconf 90' lang='lat' dir='ltr'>dem,</span> <span class='ocrx_word' id='word_1_503' title='bbox 1749 2590 1819 2646; x_wconf 89' lang='lat' dir='ltr'>de</span> <span class='ocrx_word' id='word_1_504' title='bbox 1863 2590 2172 2660; x_wconf 83' lang='lat' dir='ltr'>nobisipsis</span> <span class='ocrx_word' id='word_1_505' title='bbox 2225 2592 2363 2646; x_wconf 84' lang='lat' dir='ltr'>nibil</span> <span class='ocrx_word' id='word_1_506' title='bbox 2403 2593 2613 2659; x_wconf 88' lang='lat' dir='ltr'>dicere,</span> <span class='ocrx_word' id='word_1_507' title='bbox 2647 2590 2749 2646; x_wconf 86' lang='lat' dir='ltr'>sed</span> 
     </span>
     <span class='ocr_line' id='line_1_89' title="bbox 1560 2663 2746 2733; baseline 0 -15"><span class='ocrx_word' id='word_1_508' title='bbox 1560 2669 1618 2719; x_wconf 90' lang='lat' dir='ltr'>et</span> <span class='ocrx_word' id='word_1_509' title='bbox 1652 2677 1748 2718; x_wconf 89' lang='lat' dir='ltr'>eos</span> <span class='ocrx_word' id='word_1_510' title='bbox 1803 2663 1900 2733; x_wconf 92' lang='lat' dir='ltr'>qui</span> <span class='ocrx_word' id='word_1_511' title='bbox 1949 2663 2146 2717; x_wconf 85' lang='lat' dir='ltr'>volunt</span> <span class='ocrx_word' id='word_1_512' title='bbox 2196 2680 2318 2731; x_wconf 76' lang='lat' dir='ltr'>noS,</span> <span class='ocrx_word' id='word_1_513' title='bbox 2351 2670 2581 2732; x_wconf 89' lang='lat' dir='ltr'>propter</span> <span class='ocrx_word' id='word_1_514' title='bbox 2642 2676 2746 2718; x_wconf 85' lang='lat' dir='ltr'>nos</span> 
     </span>
     <span class='ocr_line' id='line_1_90' title="bbox 1558 2731 2748 2805; baseline -0.002 -16"><span class='ocrx_word' id='word_1_515' title='bbox 1558 2734 1815 2802; x_wconf 89' lang='lat' dir='ltr'>laudare,</span> <span class='ocrx_word' id='word_1_516' title='bbox 1860 2734 2197 2805; x_wconf 87' lang='lat' dir='ltr'>prohibere;</span> <span class='ocrx_word' id='word_1_517' title='bbox 2229 2735 2275 2788; x_wconf 90' lang='lat' dir='ltr'>si</span> <span class='ocrx_word' id='word_1_518' title='bbox 2304 2741 2516 2804; x_wconf 89' lang='lat' dir='ltr'>autem,</span> <span class='ocrx_word' id='word_1_519' title='bbox 2544 2734 2614 2790; x_wconf 93' lang='lat' dir='ltr'>ad</span> <span class='ocrx_word' id='word_1_520' title='bbox 2645 2731 2748 2788; x_wconf 90' lang='lat' dir='ltr'>Dei</span> 
     </span>
     <span class='ocr_line' id='line_1_91' title="bbox 1557 2805 2746 2876; baseline -0.003 -16"><span class='ocrx_word' id='word_1_521' title='bbox 1557 2805 1802 2876; x_wconf 86' lang='lat' dir='ltr'>gloriam</span> <span class='ocrx_word' id='word_1_522' title='bbox 1857 2805 2145 2872; x_wconf 84' lang='lat' dir='ltr'>refertur,</span> <span class='ocrx_word' id='word_1_523' title='bbox 2204 2822 2315 2859; x_wconf 90' lang='lat' dir='ltr'>non</span> <span class='ocrx_word' id='word_1_524' title='bbox 2380 2805 2562 2859; x_wconf 88' lang='lat' dir='ltr'>solum</span> <span class='ocrx_word' id='word_1_525' title='bbox 2631 2818 2746 2858; x_wconf 91' lang='lat' dir='ltr'>non</span> 
     </span>
     <span class='ocr_line' id='line_1_92' title="bbox 1558 2873 2753 2946; baseline -0.001 -17"><span class='ocrx_word' id='word_1_526' title='bbox 1558 2876 1889 2946; x_wconf 88' lang='lat' dir='ltr'>prohibere,</span> <span class='ocrx_word' id='word_1_527' title='bbox 1924 2877 2022 2929; x_wconf 88' lang='lat' dir='ltr'>sed</span> <span class='ocrx_word' id='word_1_528' title='bbox 2077 2882 2134 2928; x_wconf 91' lang='lat' dir='ltr'>et</span> <span class='ocrx_word' id='word_1_529' title='bbox 2187 2876 2487 2944; x_wconf 79' lang='lat' dir='ltr'>injungere</span> <span class='ocrx_word' id='word_1_530' title='bbox 2529 2875 2635 2928; x_wconf 88' lang='lat' dir='ltr'>hoc</span> <span class='ocrx_word' id='word_1_531' title='bbox 2662 2873 2753 2928; x_wconf 80' lang='lat' dir='ltr'>sa-</span> 
     </span>
     <span class='ocr_line' id='line_1_93' title="bbox 1559 2944 2746 3012; baseline -0.003 -11"><span class='ocrx_word' id='word_1_532' title='bbox 1559 2961 1775 3003; x_wconf 84' lang='lat' dir='ltr'>cere.»</span> <span class='ocrx_word' id='word_1_533' title='bbox 1827 2946 1896 3000; x_wconf 84' lang='lat' dir='ltr'>Ut</span> <span class='ocrx_word' id='word_1_534' title='bbox 1949 2945 2104 3000; x_wconf 81' lang='lat' dir='ltr'>enim</span> <span class='ocrx_word' id='word_1_535' title='bbox 2158 2960 2330 3010; x_wconf 79' lang='lat' dir='ltr'>supra</span> <span class='ocrx_word' id='word_1_536' title='bbox 2381 2944 2595 2997; x_wconf 82' lang='lat' dir='ltr'>dictum</span> <span class='ocrx_word' id='word_1_537' title='bbox 2642 2948 2746 3012; x_wconf 83' lang='lat' dir='ltr'>est,</span> 
     </span>
     <span class='ocr_line' id='line_1_94' title="bbox 1557 3013 2754 3086; baseline -0.003 -15"><span class='ocrx_word' id='word_1_538' title='bbox 1557 3016 1743 3072; x_wconf 87' lang='lat' dir='ltr'>solum</span> <span class='ocrx_word' id='word_1_539' title='bbox 1810 3015 2080 3086; x_wconf 84' lang='lat' dir='ltr'>prohibet</span> <span class='ocrx_word' id='word_1_540' title='bbox 2139 3014 2411 3067; x_wconf 65' lang='lat' dir='ltr'>Dominus</span> <span class='ocrx_word' id='word_1_541' title='bbox 2473 3013 2754 3082; x_wconf 86' lang='lat' dir='ltr'>publicari</span> 
     </span>
     <span class='ocr_line' id='line_1_95' title="bbox 1561 3083 2754 3155; baseline -0.003 -12"><span class='ocrx_word' id='word_1_542' title='bbox 1561 3086 1865 3155; x_wconf 85' lang='lat' dir='ltr'>beneficia,</span> <span class='ocrx_word' id='word_1_543' title='bbox 1902 3085 1975 3140; x_wconf 90' lang='lat' dir='ltr'>ad</span> <span class='ocrx_word' id='word_1_544' title='bbox 2024 3084 2252 3138; x_wconf 84' lang='lat' dir='ltr'>laudem</span> <span class='ocrx_word' id='word_1_545' title='bbox 2279 3083 2610 3153; x_wconf 89' lang='lat' dir='ltr'>humanam,</span> <span class='ocrx_word' id='word_1_546' title='bbox 2650 3083 2754 3140; x_wconf 86' lang='lat' dir='ltr'>sed</span> 
     </span>
     <span class='ocr_line' id='line_1_96' title="bbox 1559 3154 2755 3228; baseline -0.003 -13"><span class='ocrx_word' id='word_1_547' title='bbox 1559 3175 1677 3214; x_wconf 92' lang='lat' dir='ltr'>non</span> <span class='ocrx_word' id='word_1_548' title='bbox 1732 3157 1997 3228; x_wconf 86' lang='lat' dir='ltr'>probibet</span> <span class='ocrx_word' id='word_1_549' title='bbox 2044 3156 2168 3212; x_wconf 83' lang='lat' dir='ltr'>hoec</span> <span class='ocrx_word' id='word_1_550' title='bbox 2215 3159 2493 3225; x_wconf 83' lang='lat' dir='ltr'>enarrari,</span> <span class='ocrx_word' id='word_1_551' title='bbox 2551 3157 2623 3212; x_wconf 89' lang='lat' dir='ltr'>ad</span> <span class='ocrx_word' id='word_1_552' title='bbox 2650 3154 2755 3212; x_wconf 89' lang='lat' dir='ltr'>Dei</span> 
     </span>
     <span class='ocr_line' id='line_1_97' title="bbox 1562 3228 2748 3303; baseline 0 -18"><span class='ocrx_word' id='word_1_553' title='bbox 1562 3230 1828 3303; x_wconf 90' lang='lat' dir='ltr'>gloriam.</span> <span class='ocrx_word' id='word_1_554' title='bbox 1901 3228 2006 3284; x_wconf 86' lang='lat' dir='ltr'>Ubi</span> <span class='ocrx_word' id='word_1_555' title='bbox 2054 3228 2351 3284; x_wconf 76' lang='lat' dir='ltr'>sciendum</span> <span class='ocrx_word' id='word_1_556' title='bbox 2400 3228 2548 3299; x_wconf 89' lang='lat' dir='ltr'>quod</span> <span class='ocrx_word' id='word_1_557' title='bbox 2603 3244 2748 3299; x_wconf 84' lang='lat' dir='ltr'>prae·</span> 
     </span>
     <span class='ocr_line' id='line_1_98' title="bbox 1561 3300 2753 3373; baseline 0.001 -16"><span class='ocrx_word' id='word_1_558' title='bbox 1561 3305 1787 3372; x_wconf 88' lang='lat' dir='ltr'>ceptum</span> <span class='ocrx_word' id='word_1_559' title='bbox 1828 3300 2011 3365; x_wconf 84' lang='lat' dir='ltr'>datur,</span> <span class='ocrx_word' id='word_1_560' title='bbox 2051 3302 2138 3356; x_wconf 86' lang='lat' dir='ltr'>vel</span> <span class='ocrx_word' id='word_1_561' title='bbox 2190 3301 2260 3356; x_wconf 89' lang='lat' dir='ltr'>ad</span> <span class='ocrx_word' id='word_1_562' title='bbox 2308 3303 2753 3373; x_wconf 81' lang='lat' dir='ltr'>exsequendum,</span> 
     </span>
     <span class='ocr_line' id='line_1_99' title="bbox 1561 3373 2746 3443; baseline 0.001 -15"><span class='ocrx_word' id='word_1_563' title='bbox 1561 3376 1651 3428; x_wconf 80' lang='lat' dir='ltr'>vel</span> <span class='ocrx_word' id='word_1_564' title='bbox 1707 3373 1779 3428; x_wconf 88' lang='lat' dir='ltr'>ad</span> <span class='ocrx_word' id='word_1_565' title='bbox 1849 3373 2230 3443; x_wconf 90' lang='lat' dir='ltr'>probandum,</span> <span class='ocrx_word' id='word_1_566' title='bbox 2273 3374 2360 3427; x_wconf 87' lang='lat' dir='ltr'>vel</span> <span class='ocrx_word' id='word_1_567' title='bbox 2408 3379 2479 3429; x_wconf 84' lang='lat' dir='ltr'>ad</span> <span class='ocrx_word' id='word_1_568' title='bbox 2532 3374 2746 3430; x_wconf 88' lang='lat' dir='ltr'>instru-</span> 
     </span>
     <span class='ocr_line' id='line_1_100' title="bbox 1561 3443 2749 3516; baseline -0.002 -15"><span class='ocrx_word' id='word_1_569' title='bbox 1561 3443 1795 3501; x_wconf 90' lang='lat' dir='ltr'>endum.</span> <span class='ocrx_word' id='word_1_570' title='bbox 1856 3445 2110 3500; x_wconf 90' lang='lat' dir='ltr'>Primum</span> <span class='ocrx_word' id='word_1_571' title='bbox 2161 3444 2376 3516; x_wconf 85' lang='lat' dir='ltr'>obligat</span> <span class='ocrx_word' id='word_1_572' title='bbox 2438 3445 2510 3500; x_wconf 90' lang='lat' dir='ltr'>ad</span> <span class='ocrx_word' id='word_1_573' title='bbox 2573 3447 2749 3501; x_wconf 90' lang='lat' dir='ltr'>scien·</span> 
     </span>
     <span class='ocr_line' id='line_1_101' title="bbox 1562 3514 2748 3588; baseline -0.003 -16"><span class='ocrx_word' id='word_1_574' title='bbox 1562 3517 1698 3572; x_wconf 93' lang='lat' dir='ltr'>dum</span> <span class='ocrx_word' id='word_1_575' title='bbox 1747 3531 1877 3578; x_wconf 60' lang='lat' dir='ltr'>rem,</span> <span class='ocrx_word' id='word_1_576' title='bbox 1932 3517 2234 3588; x_wconf 82' lang='lat' dir='ltr'>praecepti;</span> <span class='ocrx_word' id='word_1_577' title='bbox 2289 3517 2624 3584; x_wconf 90' lang='lat' dir='ltr'>secundum,</span> <span class='ocrx_word' id='word_1_578' title='bbox 2673 3514 2748 3570; x_wconf 88' lang='lat' dir='ltr'>ad</span> 
     </span>
     <span class='ocr_line' id='line_1_102' title="bbox 1561 3585 2741 3659; baseline -0.004 -15"><span class='ocrx_word' id='word_1_579' title='bbox 1561 3588 1917 3659; x_wconf 84' lang='lat' dir='ltr'>sequendum</span> <span class='ocrx_word' id='word_1_580' title='bbox 1970 3591 2318 3643; x_wconf 78' lang='lat' dir='ltr'>voluntatem</span> <span class='ocrx_word' id='word_1_581' title='bbox 2372 3604 2470 3644; x_wconf 89' lang='lat' dir='ltr'>seu</span> <span class='ocrx_word' id='word_1_582' title='bbox 2505 3585 2741 3641; x_wconf 86' lang='lat' dir='ltr'>intenti-</span> 
     </span>
     <span class='ocr_line' id='line_1_103' title="bbox 1563 3655 2741 3732; baseline -0.005 -16"><span class='ocrx_word' id='word_1_583' title='bbox 1563 3675 1732 3716; x_wconf 84' lang='lat' dir='ltr'>onem</span> <span class='ocrx_word' id='word_1_584' title='bbox 1780 3657 2208 3732; x_wconf 81' lang='lat' dir='ltr'>praecipientis;</span> <span class='ocrx_word' id='word_1_585' title='bbox 2257 3660 2513 3724; x_wconf 79' lang='lat' dir='ltr'>tertium,</span> <span class='ocrx_word' id='word_1_586' title='bbox 2550 3656 2621 3710; x_wconf 84' lang='lat' dir='ltr'>ad</span> <span class='ocrx_word' id='word_1_587' title='bbox 2652 3655 2741 3711; x_wconf 86' lang='lat' dir='ltr'>di-</span> 
     </span>
     <span class='ocr_line' id='line_1_104' title="bbox 1558 3726 2742 3799; baseline -0.005 -12"><span class='ocrx_word' id='word_1_588' title='bbox 1558 3732 1831 3787; x_wconf 86' lang='lat' dir='ltr'>scendum</span> <span class='ocrx_word' id='word_1_589' title='bbox 1863 3730 2079 3799; x_wconf 89' lang='lat' dir='ltr'>aliquid</span> <span class='ocrx_word' id='word_1_590' title='bbox 2109 3745 2174 3783; x_wconf 85' lang='lat' dir='ltr'>ex</span> <span class='ocrx_word' id='word_1_591' title='bbox 2208 3735 2510 3797; x_wconf 66' lang='lat' dir='ltr'>praecepto,</span> <span class='ocrx_word' id='word_1_592' title='bbox 2542 3727 2610 3780; x_wconf 92' lang='lat' dir='ltr'>Et</span> <span class='ocrx_word' id='word_1_593' title='bbox 2635 3726 2742 3781; x_wconf 88' lang='lat' dir='ltr'>hoc</span> 
     </span>
     <span class='ocr_line' id='line_1_105' title="bbox 1561 3798 2744 3865; baseline -0.006 -8"><span class='ocrx_word' id='word_1_594' title='bbox 1561 3802 1733 3856; x_wconf 91' lang='lat' dir='ltr'>tertio</span> <span class='ocrx_word' id='word_1_595' title='bbox 1775 3800 1943 3855; x_wconf 91' lang='lat' dir='ltr'>modo</span> <span class='ocrx_word' id='word_1_596' title='bbox 1994 3807 2372 3853; x_wconf 76' lang='lat' dir='ltr'>comminutus</span> <span class='ocrx_word' id='word_1_597' title='bbox 2411 3806 2495 3851; x_wconf 88' lang='lat' dir='ltr'>est</span> <span class='ocrx_word' id='word_1_598' title='bbox 2539 3798 2640 3865; x_wconf 80' lang='lat' dir='ltr'>eiS,</span> <span class='ocrx_word' id='word_1_599' title='bbox 2672 3810 2744 3851; x_wconf 90' lang='lat' dir='ltr'>ne</span> 
     </span>
     <span class='ocr_line' id='line_1_106' title="bbox 1561 3867 2747 3928; baseline -0.004 0"><span class='ocrx_word' id='word_1_600' title='bbox 1561 3871 1734 3928; x_wconf 89' lang='lat' dir='ltr'>alicui</span> <span class='ocrx_word' id='word_1_601' title='bbox 1788 3868 2063 3924; x_wconf 89' lang='lat' dir='ltr'>dicerent.</span> <span class='ocrx_word' id='word_1_602' title='bbox 2098 3871 2253 3924; x_wconf 73' lang='lat' dir='ltr'>Unde</span> <span class='ocrx_word' id='word_1_603' title='bbox 2297 3883 2412 3922; x_wconf 91' lang='lat' dir='ltr'>non</span> <span class='ocrx_word' id='word_1_604' title='bbox 2466 3867 2572 3923; x_wconf 81' lang='lat' dir='ltr'>l&#39;uit</span> <span class='ocrx_word' id='word_1_605' title='bbox 2607 3869 2747 3923; x_wconf 89' lang='lat' dir='ltr'>sim-</span> 
     </span>
     <span class='ocr_line' id='line_1_107' title="bbox 1561 3938 2751 4014; baseline -0.003 -17"><span class='ocrx_word' id='word_1_606' title='bbox 1561 3943 1693 4014; x_wconf 86' lang='lat' dir='ltr'>plex</span> <span class='ocrx_word' id='word_1_607' title='bbox 1750 3939 2015 3995; x_wconf 86' lang='lat' dir='ltr'>inhibitio</span> <span class='ocrx_word' id='word_1_608' title='bbox 2072 3939 2334 4010; x_wconf 81' lang='lat' dir='ltr'>dicendi3</span> <span class='ocrx_word' id='word_1_609' title='bbox 2400 3939 2500 3993; x_wconf 89' lang='lat' dir='ltr'>sed</span> <span class='ocrx_word' id='word_1_610' title='bbox 2560 3938 2751 4010; x_wconf 88' lang='lat' dir='ltr'>potius</span> 
     </span>
     <span class='ocr_line' id='line_1_108' title="bbox 1564 4009 2745 4081; baseline -0.004 -13"><span class='ocrx_word' id='word_1_611' title='bbox 1564 4012 1799 4068; x_wconf 90' lang='lat' dir='ltr'>moralis</span> <span class='ocrx_word' id='word_1_612' title='bbox 1853 4009 2167 4076; x_wconf 83' lang='lat' dir='ltr'>instructio,</span> <span class='ocrx_word' id='word_1_613' title='bbox 2213 4017 2270 4063; x_wconf 89' lang='lat' dir='ltr'>ut</span> <span class='ocrx_word' id='word_1_614' title='bbox 2329 4010 2586 4080; x_wconf 83' lang='lat' dir='ltr'>exemplo</span> <span class='ocrx_word' id='word_1_615' title='bbox 2634 4009 2745 4081; x_wconf 88' lang='lat' dir='ltr'>sui,</span> 
     </span>
     <span class='ocr_line' id='line_1_109' title="bbox 1565 4079 2749 4153; baseline -0.001 -13"><span class='ocrx_word' id='word_1_616' title='bbox 1565 4084 1720 4141; x_wconf 88' lang='lat' dir='ltr'>bona</span> <span class='ocrx_word' id='word_1_617' title='bbox 1784 4096 1912 4153; x_wconf 84' lang='lat' dir='ltr'>quae</span> <span class='ocrx_word' id='word_1_618' title='bbox 1984 4080 2200 4136; x_wconf 74' lang='lat' dir='ltr'>faciunt</span> <span class='ocrx_word' id='word_1_619' title='bbox 2257 4081 2514 4144; x_wconf 87' lang='lat' dir='ltr'>homines</span> <span class='ocrx_word' id='word_1_620' title='bbox 2568 4079 2749 4139; x_wconf 85' lang='lat' dir='ltr'>velint</span> 
     </span>
     <span class='ocr_line' id='line_1_110' title="bbox 1562 4152 2745 4234; baseline -0.001 -23"><span class='ocrx_word' id='word_1_621' title='bbox 1562 4155 1766 4223; x_wconf 88' lang='lat' dir='ltr'>latere,</span> <span class='ocrx_word' id='word_1_622' title='bbox 1818 4152 1919 4209; x_wconf 91' lang='lat' dir='ltr'>sed</span> <span class='ocrx_word' id='word_1_623' title='bbox 1971 4158 2186 4234; x_wconf 75' lang='lat' dir='ltr'>tamen,</span> <span class='ocrx_word' id='word_1_624' title='bbox 2255 4159 2314 4208; x_wconf 86' lang='lat' dir='ltr'>ut</span> <span class='ocrx_word' id='word_1_625' title='bbox 2345 4155 2563 4223; x_wconf 85' lang='lat' dir='ltr'>prosint</span> <span class='ocrx_word' id='word_1_626' title='bbox 2592 4152 2745 4224; x_wconf 78' lang='lat' dir='ltr'>aliis,</span> 
     </span>
     <span class='ocr_line' id='line_1_111' title="bbox 1565 4225 2748 4297; baseline 0.002 -15"><span class='ocrx_word' id='word_1_627' title='bbox 1565 4226 1812 4297; x_wconf 89' lang='lat' dir='ltr'>prodant</span> <span class='ocrx_word' id='word_1_628' title='bbox 1847 4225 2047 4292; x_wconf 87' lang='lat' dir='ltr'>invit1;</span> <span class='ocrx_word' id='word_1_629' title='bbox 2078 4234 2133 4279; x_wconf 87' lang='lat' dir='ltr'>et</span> <span class='ocrx_word' id='word_1_630' title='bbox 2173 4225 2297 4281; x_wconf 85' lang='lat' dir='ltr'>ideo</span> <span class='ocrx_word' id='word_1_631' title='bbox 2347 4227 2438 4281; x_wconf 87' lang='lat' dir='ltr'>isti</span> <span class='ocrx_word' id='word_1_632' title='bbox 2475 4243 2589 4283; x_wconf 93' lang='lat' dir='ltr'>non</span> <span class='ocrx_word' id='word_1_633' title='bbox 2616 4233 2748 4283; x_wconf 88' lang='lat' dir='ltr'>sunt</span> 
     </span>
     <span class='ocr_line' id='line_1_112' title="bbox 1564 4297 2740 4373; baseline 0.002 -18"><span class='ocrx_word' id='word_1_634' title='bbox 1564 4299 1928 4373; x_wconf 88' lang='lat' dir='ltr'>transgressi,</span> <span class='ocrx_word' id='word_1_635' title='bbox 1951 4297 2085 4370; x_wconf 84' lang='lat' dir='ltr'>quia</span> <span class='ocrx_word' id='word_1_636' title='bbox 2112 4314 2229 4355; x_wconf 90' lang='lat' dir='ltr'>non</span> <span class='ocrx_word' id='word_1_637' title='bbox 2256 4301 2515 4362; x_wconf 55' lang='lat' dir='ltr'>lecerunt</span> <span class='ocrx_word' id='word_1_638' title='bbox 2537 4306 2740 4358; x_wconf 87' lang='lat' dir='ltr'>contra</span> 
     </span>
    </p>
   </div>
   <div class='ocr_carea' id='block_1_7' title="bbox 2535 4398 2564 4448">
    <p class='ocr_par' dir='ltr' id='par_1_8' title="bbox 2535 4398 2564 4448">
     <span class='ocr_line' id='line_1_113' title="bbox 2535 4398 2564 4448; baseline 0 0"><span class='ocrx_word' id='word_1_639' title='bbox 2535 4398 2564 4448; x_wconf 81' lang='lat'><strong><em>3</em></strong></span> 
     </span>
    </p>
   </div>
  </div>
 </body>
</html>
