3146 5023
416 363 476 414 16
1133 360 1355 414 PRIMAE'
1409 359 1649 415 PARTIS
1702 359 1915 412 CAPUT
1969 359 2136 411 XLVI

418 473 679 533 custodia
745 477 946 530 nostra
991 472 1267 544 quotidie,
1329 473 1427 543 qui
1486 473 1591 528 etsi

409 548 529 620 jam
556 546 642 601 sui
665 545 922 615 corporis
944 559 1145 601 somno
1172 560 1291 601 non
1320 542 1588 611 dormiat,

414 632 715 675 caveamus
753 623 945 672 tamen
995 631 1066 670 ne
1116 613 1294 672 nostri
1340 613 1593 684 corporis

407 703 608 746 somno
659 687 823 744 nobis
881 686 1131 744 dormiat
1187 692 1245 742 et
1305 687 1582 756 quiescat.

408 756 629 817 Dormit
657 758 810 815 enim
837 759 1067 828 quando
1108 758 1182 814 ab
1227 757 1585 813 orationibus

411 836 468 889 et
493 829 659 886 bonis
686 829 955 901 operibus
985 844 1288 896 cessamuS,
1316 833 1374 884 et
1404 828 1579 884 susci-

411 900 623 958 tandus
671 907 817 958 tuno
854 906 938 956 est
982 899 1043 955 in
1087 900 1254 956 nobis
1282 899 1502 955 crebris
1533 904 1591 955 et

411 972 629 1028 devotis
675 972 956 1041 precibus,
999 972 1210 1042 etipse
1260 969 1402 1026 facit
1447 975 1588 1026 tunc

411 1043 905 1113 tranquillitatem,
955 1042 1091 1113 quia
1137 1044 1287 1110 facit
1320 1058 1443 1098 cum
1478 1046 1591 1097 ten-

418 1117 631 1170 tatione
746 1119 1045 1178 oventum3
1088 1115 1188 1169 sed
1219 1113 1361 1169 fatui
1401 1113 1591 1183 ipsum

412 1187 592 1257 magis
636 1202 669 1242 o
714 1185 961 1241 dormire
995 1184 1228 1254 faciunt,
1259 1185 1314 1238 in
1344 1185 1453 1240 hoc
1478 1185 1591 1240 sci-

410 1255 545 1312 licet
573 1257 727 1327 quod
770 1257 953 1328 magis
983 1256 1056 1314 ad
1085 1256 1406 1312 humanum
1447 1271 1591 1311 con-

412 1327 627 1392 silium,
701 1343 877 1398 quam
944 1328 1017 1384 ad
1069 1326 1324 1383 divinum
1397 1326 1591 1382 confu-

414 1397 600 1470 giunt.
655 1399 817 1454 Unde
870 1398 1226 1471 Auyustinus
1286 1415 1301 1454 ε
1354 1415 1385 1450 11
1439 1396 1591 1454 Nihil

413 1474 532 1525 tam
555 1471 799 1526 maxime
827 1471 1155 1540 suggeritur
1182 1469 1437 1526 humano
1460 1485 1590 1524 cor-

415 1540 473 1597 di
502 1540 574 1596 ab
603 1540 962 1597 invisibiliter
989 1541 1449 1613 expugnantibus
1476 1538 1591 1596 ini-

413 1611 597 1682 miciS,
640 1612 752 1668 nisi
790 1611 943 1682 quod
993 1612 1142 1668 Deus
1191 1627 1307 1666 non
1363 1617 1449 1666 est
1496 1610 1594 1667 ad-

412 1682 574 1764 jutor
603 1699 619 1752 ;
653 1688 718 1737 ut
757 1683 1121 1753 requirentes
1157 1682 1270 1737 alia
1306 1680 1594 1756 adjutoria

416 1755 775 1809 mveniamur
826 1752 1080 1820 invalidi,
1133 1757 1189 1808 et
1232 1753 1304 1808 ab
1346 1751 1594 1808 inimicis

417 1823 554 1892 ipsis
586 1825 921 1894 capiamur:
964 1843 993 1877 »
1046 1824 1170 1879 haec
1215 1824 1588 1892 Augustinus.

415 1894 629 1950 Volens
655 1910 793 1966 ergo
838 1895 909 1950 ad
936 1893 1269 1950 servitutem
1300 1894 1402 1950 Dei
1425 1911 1590 1951 acce-

416 1966 572 2030 dere,
595 1965 907 2022 secundum
945 1966 1250 2021 concilium
1283 1966 1590 2035 Sapientis,

416 2042 704 2108 praeparet
756 2052 816 2092 se
883 2037 957 2093 ad
1008 2037 1355 2093 tentationes
1406 2035 1595 2093 immi—

414 2114 636 2165 nentes,
680 2107 822 2164 Cum
873 2107 1027 2164 enim
1078 2109 1204 2179 quis
1257 2125 1292 2164 a
1337 2108 1486 2164 vitiis
1533 2113 1594 2164 et

415 2181 665 2250 peccatis
717 2195 776 2236 se
824 2179 1165 2235 subtrahere
1208 2179 1471 2249 voluerit,
1524 2186 1592 2235 ut

418 2250 524 2306 soli
579 2252 701 2307 Deo
751 2266 977 2319 vacare,
1032 2249 1090 2306 id
1151 2256 1234 2306 est
1286 2252 1589 2306 intendere

414 2319 593 2392 possit
619 2338 635 2393 ;
666 2322 973 2377 commotio
1002 2337 1212 2393 magna
1240 2321 1306 2376 fit
1334 2323 1395 2377 in
1442 2322 1592 2377 mari

415 2406 515 2448 seu
557 2393 793 2461 mundo,
821 2390 879 2447 id
915 2397 1001 2447 est
1044 2393 1361 2462 persecutio
1400 2392 1593 2449 multi-

413 2461 565 2537 plex,
615 2464 778 2536 cujus
825 2479 995 2520 causa
1044 2468 1129 2519 est
1171 2463 1395 2537 triplex,
1445 2463 1594 2522 scili-

415 2541 509 2594 cet
551 2554 566 2594 :
624 2536 898 2607 impulsus
952 2539 1276 2605 ventorum,
1329 2538 1438 2593 hoc
1502 2541 1591 2592 est
1633 2568 1641 2598 1

413 2608 657 2664 tentatio
699 2623 735 2663 a
766 2606 1039 2676 diabolo;
1088 2608 1339 2663 turbatio
1385 2609 1587 2677 mariS,

412 2677 524 2735 1100
554 2684 641 2735 est
663 2678 903 2734 tentatio
931 2693 966 2733 a
990 2678 1206 2733 mundo
1234 2698 1247 2744 ;
1281 2678 1586 2734 commotio

413 2750 787 2822 tempestatiS,
813 2750 923 2805 hoc
946 2756 1030 2804 est
1057 2748 1299 2810 tentatio
1331 2766 1365 2805 a
1393 2765 1587 2818 carne,

415 2836 556 2893 quas
594 2822 940 2878 tentationes
969 2824 1168 2876 contra
1208 2836 1268 2877 se
1301 2821 1474 2876 sentit
1498 2820 1589 2876 in-

415 2907 677 2976 surgere.
733 2891 991 2948 Procella
1047 2891 1203 2947 enim
1259 2890 1590 2948 tentationis

416 2978 483 3020 ex
529 2964 745 3021 invidia
787 2961 1001 3019 diaboli
1053 2970 1290 3018 conatus
1317 2963 1427 3018 viri
1448 2962 1589 3034 justi

415 3036 630 3092 abono
674 3034 966 3105 proposito
1004 3048 1361 3090 commovere
1408 3039 1584 3104 optat,

416 3106 725 3177 aliquando
768 3119 1072 3175 pravorum
1103 3103 1591 3172 persecutionibus

416 3177 684 3244 exteriuS,
744 3175 1054 3245 aliquando
1103 3175 1354 3245 impulsu
1403 3175 1587 3231 malo-

414 3260 545 3304 rum
573 3246 981 3317 cogitationum
1023 3243 1282 3315 1111011115,
1313 3261 1591 3302 nonnum-

414 3331 588 3390 quam
635 3315 810 3371 etiam
873 3331 940 3372 ex
995 3316 1223 3387 propria
1258 3316 1590 3389 fragilitate,

1705 469 1764 526 in
1813 471 1994 526 Deum
2043 467 2371 541 profecerit,
2421 472 2583 525 tanto
2634 471 2883 543 amplius

1704 541 1925 597 invenit
1949 542 2100 612 quod
2130 539 2327 597 durius
2355 545 2581 610 portett,
2613 541 2673 597 in
2694 557 2883 601 exem-

1703 613 1797 683 plo
1843 612 2107 668 videlicet
2155 611 2544 668 Israelitarum
2594 613 2696 683 qui
2740 618 2882 671 tunc

1703 683 1900 740 durius
1918 699 1953 739 a
1978 686 2277 740 Pharaone
2295 690 2429 739 sunt
2454 682 2675 754 afflicti,
2704 699 2888 756 quan-

1703 754 1775 810 do
1824 771 1926 825 per
1972 757 2203 828 Moysen
2231 760 2289 811 et
2324 756 2517 810 Aaron
2548 756 2622 810 ad
2664 761 2880 814 terram

1700 826 2093 896 promissionis
2133 831 2269 882 sunt
2317 826 2532 884 vocati.
2570 826 2731 894 Quod
2759 828 2880 884 Do-

1699 898 1887 953 minus
1929 897 2104 953 etiam
2152 913 2256 953 suo
2303 897 2559 967 exemplo
2602 898 2879 969 ostendit,

1700 969 1932 1038 quando
1957 975 2084 1039 post
2111 969 2462 1039 Baptismum
2510 975 2568 1024 et
2589 968 2875 1040 jeJunium

1699 1039 2050 1096 tentationes
2100 1039 2313 1096 diaboli
2364 1040 2600 1109 pertulit
2650 1055 2666 1109 ;
2726 1056 2880 1112 saepe

1700 1110 1853 1166 enim
1901 1118 2029 1181 post
2068 1110 2505 1167 conversionem
2544 1125 2646 1168 nos
2677 1109 2881 1167 diabo-

1699 1182 1786 1237 lus
1820 1183 2006 1238 acrius
2033 1185 2239 1250 tentat,
2268 1197 2458 1254 quosa
2477 1197 2583 1238 sua
2607 1183 2883 1238 servitute

1699 1253 1969 1308 recedere
1997 1251 2323 1309 considerat
2350 1271 2363 1321 ;
2392 1253 2491 1308 sed
2521 1253 2616 1308 ille
2648 1253 2881 1323 quinon

1700 1325 1987 1387 dormitat,
2038 1340 2216 1394 neque
2260 1324 2499 1380 dormiet
2548 1325 2882 1381 custodiens

1700 1396 1897 1465 lsrael,
1947 1396 2107 1466 quasi
2162 1394 2372 1451 dormit
2423 1396 2490 1451 in
2547 1395 2702 1464 navi,
2749 1410 2881 1451 011111

1699 1471 1954 1524 mentem
2021 1466 2130 1523 viri
2192 1465 2331 1538 justi
2389 1467 2541 1522 inter
2594 1467 2872 1535 procellas

1700 1539 2084 1594 tentationum
2108 1538 2306 1593 durius
2327 1538 2607 1608 permittit
2622 1537 2873 1610 fatigari.

1701 1609 1954 1680 Cumque
2006 1610 2179 1665 sentit
2226 1609 2569 1665 tentationes
2615 1624 2722 1665 sua
2773 1609 2881 1665 vir-

1699 1683 1820 1735 tute
1855 1695 2125 1751 superare
2162 1696 2279 1737 non
2320 1695 2503 1750 posse,
2536 1680 2757 1736 accedit
2802 1680 2877 1736 ad

1699 1750 2173 1821 omnipotentiam
2201 1749 2303 1807 Dei
2331 1766 2653 1821 recurrens,
2683 1757 2883 1810 010115-

1699 1822 1838 1879 citat
1860 1821 2160 1878 Dominum
2190 1837 2320 1880 cum
2341 1822 2553 1878 mentis
2578 1822 2883 1879 devotione

1698 1893 1781 1949 illi
1833 1895 2318 1967 appropinquanS‚
2374 1899 2430 1949 et
2481 1908 2640 1949 suam
2694 1892 2875 1966 fragi-

1697 1965 1916 2021 litatem
1974 1965 2269 2021 humiliter
2332 1965 2733 2036 recognoscit,
2806 1979 2878 2021 ac

1698 2037 1950 2093 divinam
1980 2038 2314 2107 potentiam,
2345 2040 2404 2091 et
2435 2036 2537 2091 Dei
2562 2035 2883 2093 misericor·

1699 2109 1852 2164 diam
1892 2108 2251 2165 devotissime
2287 2108 2421 2163 totis
2454 2107 2672 2162 viribus
2708 2120 2879 2165 men-

1695 2180 1767 2235 tis
1816 2181 2122 2250 implorare
2172 2194 2288 2235 non
2334 2184 2536 2247 cessat,
2582 2193 2880 2249 quousque

1697 2253 1757 2306 in
1807 2252 1894 2306 sui
1953 2250 2300 2321 adjutorium
2358 2250 2617 2305 divinum
2670 2249 2879 2306 excitet

1696 2321 1989 2391 auxilium,
2023 2325 2159 2378 tunc
2206 2323 2360 2377 enim
2407 2337 2649 2392 surgens
2690 2321 2872 2391 impe-

1695 2401 1787 2450 rat
1822 2393 2004 2449 ventis
2037 2399 2095 2448 et
2122 2394 2306 2461 mari;
2344 2391 2481 2462 quia
2516 2397 2874 2449 tentamenta

1698 2465 1910 2523 diaboli
1959 2464 2318 2537 insurgentia
2367 2469 2570 2520 contra
2620 2466 2873 2520 mentem

1695 2538 1804 2593 viri
1832 2537 1973 2607 justi
2015 2537 2421 2607 conquiescere
2456 2534 2613 2603 facit,
2645 2540 2702 2590 et
2737 2549 2873 2593 eum

1693 2607 1803 2664 sibi
1848 2608 2024 2664 libere
2062 2607 2276 2663 servire
2326 2605 2622 2677 permittit.
2656 2606 2746 2661 Fit
2769 2621 2873 2661 au-

1692 2683 1812 2735 tem
1857 2686 1995 2735 tunc
2032 2693 2241 2749 magna
2285 2676 2691 2749 tranquillitaS,
2739 2677 2876 2749 quia

1693 2748 1938 2820 expulsis
2008 2749 2290 2806 malarum
2343 2750 2726 2805 tentationum
2774 2763 2870 2805 ra-

1694 2822 1935 2892 dicibuS,
1965 2821 2203 2876 virtutes
2248 2820 2477 2891 animae,
2524 2825 2582 2875 et
2621 2836 2687 2875 ea
2736 2834 2867 2891 quae

1693 2894 1851 2963 prius
1904 2907 2022 2948 non
2072 2891 2195 2947 51110
2247 2892 2552 2948 formidine
2601 2890 2871 2947 observa·

1692 2964 1815 3033 bat,
1836 2963 2199 3034 postmodum
2224 2963 2381 3018 velut
2405 2961 2747 3018 naturaliter
2770 2976 2875 3033 per

1693 3035 1906 3092 bonam
1949 3034 2415 3090 consuetudinem
2455 3032 2750 3089 custodirer
2785 3033 2876 3089 in-

1695 3106 1851 3176 cipit,
1882 3106 2137 3177 gaudens
2169 3119 2300 3160 cum
2328 3105 2611 3175 Propheta
2649 3108 2706 3158 et
2739 3117 2872 3159 can-

1693 3181 1823 3233 tans
1878 3200 1892 3232 2
1950 3177 2235 3233 Declinate
2284 3192 2319 3231 a
2367 3192 2452 3231 me
2504 3175 2763 3243 maligni,
2821 3177 2876 3230 et

1693 3246 1981 3304 scrutabor
2020 3248 2288 3303 mandata
2334 3249 2437 3302 Dei
2480 3248 2590 3302 mei
2607 3264 2627 3313 ,·
2680 3246 2874 3316 sicque

1696 3319 2122 3391 transnavigato
2167 3316 2335 3389 mari,
2380 3322 2439 3374 et
2483 3318 2653 3389 hujus
2691 3313 2872 3372 seculi

414 3389 604 3444 carnis
651 3387 902 3444 stimulo,
953 3385 1117 3456 Quia,
1149 3394 1362 3459 quanto
1410 3389 1593 3460 magis
1697 3390 1962 3446 fluctibus
1990 3390 2242 3459 calcatis,
2270 3389 2345 3446 ad
2374 3394 2606 3460 portum
2628 3386 2874 3445 feliciter

415 3460 545 3533 quis
574 3460 691 3515 Deo
724 3458 1180 3530 appropinquare
1237 3459 1505 3530 voluerit,
1535 3464 1594 3516 et
1699 3461 1960 3533 pervenit
1983 3460 2258 3533 paradisi.

1509 3636 1771 3696 ORATIO

487 3783 733 3840 Domine
778 3784 910 3840 Jesu
949 3781 1192 3853 Christe,
1235 3782 1455 3855 impera
1503 3783 1937 3855 suggestionum
1986 3786 2044 3838 et
2083 3781 2469 3839 tentationum
2526 3781 2761 3839 flatibus
2802 3788 2872 3839 et

413 3855 662 3912 motibus
682 3871 703 3926 ;
726 3856 858 3911 veni
885 3859 946 3911 et
980 3855 1220 3926 gradere
1257 3871 1429 3926 super
1461 3856 1651 3914 cordis
1683 3855 1913 3924 fluctus,
1943 3859 2010 3910 ut
2048 3868 2252 3910 serena
2276 3857 2335 3909 et
2375 3850 2690 3924 tranquilla
2721 3852 2872 3910 flant.

413 3927 610 3982 omnia
657 3943 807 3984 mea.
838 3926 1176 3997 Requiescat
1223 3926 1282 3982 in
1323 3932 1401 3997 te,
1449 3929 1601 3984 Deus
1641 3941 1821 3994 meus,

1860 3940 1959 3981 (301⁸
1989 3940 2179 3980 meum
2209 3943 2225 3996 ζ
2254 3940 2355 3981 001²
2390 3940 2548 3981 mare
2588 3938 2868 3995 magum»

410 4001 636 4053 tumens
681 3998 950 4055 fluctibus
995 3998 1243 4054 dormiat
1285 3999 1365 4056 ab
1406 3999 1672 4055 omnibus
1715 4012 1845 4067 quae
1890 3996 1998 4052 sub
2031 3996 2173 4052 coelo
2220 3999 2376 4063 sunt,
2407 3995 2652 4067 vigilans
2678 3997 2740 4051 in
2771 4000 2855 4067 te,

413 4074 695 4138 quatenus
723 4069 1036 4139 amplectar
1065 4076 1120 4125 te
1162 4086 1337 4125 unum
1374 4070 1592 4127 honum
1627 4082 1840 4137 meum,
1869 4071 1930 4123 et
1959 4068 2309 4137 contempler
2355 4070 2413 4122 te
2442 4067 2636 4122 lumen
2671 4066 2874 4123 oculo—

410 4151 543 4195 rum
571 4155 856 4208 meorum,
884 4145 942 4195 et
968 4140 1325 4196 laetabundus
1350 4146 1576 4197 cantem
1595 4144 1653 4196 et
1682 4140 1866 4195 dicam
1895 4156 1908 4196 ε
1939 4141 2058 4208 Ερο
2099 4139 2311 4194 dormio
2354 4142 2407 4193 et
2445 4153 2538 4194 cor
2563 4153 2746 4195 meum
2769 4139 2874 4195 vi*

416 4210 606 4280 σι’ῑαές
643 4217 702 4269 et
729 4211 873 4269 illud
902 4232 917 4269 ε
944 4213 1013 4268 In
1030 4226 1173 4284 pace
1207 4214 1271 4268 in
1299 4212 1567 4285 idipsum,
1600 4212 1872 4269 dormiam
1899 4214 1953 4268 et
1974 4212 2335 4283 requiescam.
2362 4211 2572 4267 Amen.
