3146 5023
321 367 355 420 4
1051 362 1276 414 PRIMAE
1329 360 1573 414 PARTIS
1627 361 1834 414 CAPUT
1887 359 2057 413 XLIV

323 495 361 530 α
394 473 458 532 Si
485 488 659 546 grave
685 479 983 547 peccatum
1020 478 1106 531 est
1130 473 1282 544 quod
1313 473 1499 543 poeni-
1609 476 1971 534 suetudinem
2042 475 2241 544 fugere
2293 475 2587 544 debemus,
2651 473 2793 544 quia

320 546 518 605 tentiae
552 551 667 602 tuae
711 546 980 618 iacrymis
1018 545 1134 615 ipse
1163 544 1355 600 lavare
1385 560 1501 600 non
1611 548 1737 604 haec
1760 555 1995 605 sanatur
2016 547 2326 604 difficilius.
2360 547 2519 604 Unde
2546 545 2787 602 Ambro-

321 618 525 693 possis‚
581 619 682 674 flet
728 633 831 688 pro
881 624 938 674 te
991 622 1177 672 mater
1228 616 1499 684 Ecclesia,

1611 620 1730 675 sius
1766 638 1785 675 ε
1834 639 1864 673 «
1913 620 2092 676 Omne
2137 625 2432 689 peecatum
2484 621 2788 674 consuetu-

322 705 454 818 3⁰ae
479 703 581 769 pro
606 687 842 759 singulis
865 693 1157 759 tamquam
1188 703 1288 757 pro
1321 687 1504 743 unicis
1612 691 1747 746 dine
1773 690 2013 761 vilescit,
2045 697 2103 748 et
2133 691 2199 748 fit
2225 689 2444 747 homini
2475 689 2636 760 quasi
2669 688 2802 744 nul--

368 760 458 816 liis
489 759 660 817 vidua
695 765 878 816 mater
913 760 1237 824 intervenit,
1270 774 1502 829 compa-

321 832 466 890 titur
502 831 748 901 quodam
788 830 958 886 modo
995 831 1275 900 spirituali
1306 830 1504 886 dolore

320 907 567 971 naturae,
616 918 744 958 cum
797 918 930 958 suos
981 902 1193 958 liberos
1242 900 1504 958 letalibus

321 972 477 1029 vitiis
531 973 604 1029 ad
639 979 883 1029 mortem
932 974 1116 1030 cern-it
1152 972 1363 1045 urgeri.
1403 971 1502 1028 vi-

320 1060 485 1102 scera
509 1046 660 1101 enim
688 1059 882 1101 sumus
898 1045 969 1101 de
987 1044 1296 1101 visceribus
1322 1044 1501 1115 ejus»

324 1116 483 1174 Unde
507 1122 565 1172 et
591 1117 942 1186 Anqustinus
968 1136 986 1172 ε
1017 1137 1045 1170 α
1075 1118 1154 1173 De
1174 1115 1382 1186 juvene
1406 1115 1504 1171 illo

321 1186 658 1244 resuscitato
706 1189 901 1260 gavisa
945 1194 1028 1245 est
1072 1192 1257 1244 mater
1303 1185 1500 1255 vidua3

323 1258 396 1316 dc
419 1259 746 1316 hominibus
769 1260 832 1316 in
865 1260 1065 1329 spiritu
1094 1257 1348 1330 quotidie
1378 1274 1502 1313 sus-

325 1330 515 1387 citatis
564 1331 776 1404 gaudet
832 1337 1016 1387 mater
1069 1330 1342 1387 Ecclesia.
1403 1329 1503 1384 lile

322 1401 556 1474 quidem
617 1409 874 1460 mortuus
928 1408 1052 1459 erat
1098 1416 1360 1472 corpore,
1417 1399 1503 1457 illi

324 1478 520 1531 autem
548 1479 759 1532 mente.
801 1493 833 1528 n

397 1548 432 1600 5
454 1546 714 1602 Mona-uos
737 1563 870 1603 ms
901 1562 1207 1602 suscrravrr
1229 1546 1501 1612 Domnus,

324 1635 394 1676 rr
420 1633 549 1680 omn
570 1635 672 1673 Pnn
699 1636 805 1675 noc
833 1634 1201 1674 siemricn‘mn
1221 1615 1506 1674 ?-Mora-

324 1690 458 1748 liter
485 1697 600 1746 tres
628 1698 878 1746 mortuos
904 1690 1161 1745 Christus
1188 1687 1500 1743 suscitavit:

322 1761 575 1836 puellam
633 1762 695 1818 in
744 1762 913 1816 domo
967 1760 1238 1826 clausam,
1302 1757 1359 1813 id
1419 1761 1504 1812 est

325 1837 618 1891 mortuum
661 1847 764 1903 per
794 1846 1131 1887 consensum
1171 1828 1501 1884 delectatio·

322 1905 418 1962 nis
443 1918 653 1975 pravae,
686 1904 746 1958 in
774 1901 1116 1974 cogitatione
1164 1915 1264 1956 seu
1306 1899 1505 1954 volun·

322 1979 445 2032 ¹tate
474 1975 662 2032 adhuc
688 1978 902 2030 tectum
923 1990 937 2041 ;
950 1973 1219 2045 Juvenem
1240 1971 1298 2026 in
1318 1975 1500 2040 porta,

306 2045 387 2104 -id
436 2052 542 2114 est,
582 2052 871 2102 mortuum
922 2060 1026 2115 per
1052 2047 1243 2099 actum
1284 2041 1503 2113 peccati

322 2116 389 2176 in
413 2117 611 2188 verbo,
639 2124 805 2187 nutu,
837 2116 927 2172 vel
954 2130 1128 2186 opere
1163 2132 1179 2182 ς
1228 2114 1505 2169 Lazarum

326 2188 388 2247 in
417 2190 740 2260 sepulchre,
773 2189 830 2244 id
861 2193 943 2243 est
969 2192 1259 2242 mortuum
1289 2183 1501 2255 lapide,

323 2261 481 2318 mole
496 2261 714 2316 scilicet
731 2275 919 2332 pravae
938 2255 1362 2315 consuetudinis
1381 2269 1509 2336 pec-

322 2331 495 2390 candi
518 2347 796 2402 pressum,
826 2330 977 2387 male
994 2330 1273 2398 olentem,
1287 2332 1344 2384 et
1365 2327 1508 2382 alios

322 2401 481 2460 fama
543 2408 1026 2472 corrumpentem.
1098 2399 1308 2455 Omnes
1372 2398 1508 2453 istos

324 2475 562 2534 suscitat
608 2480 665 2532 et
714 2479 879 2531 sanat
925 2471 1218 2539 Dominus,
1260 2485 1391 2527 cum
1434 2467 1508 2525 ad

324 2547 514 2620 ipsum
559 2547 803 2603 redeunt
840 2543 1119 2602 veraciter
1156 2541 1505 2614 poenitendo,

326 2624 388 2677 ct
421 2624 584 2675 tanto
630 2617 809 2675 levius
849 2616 1222 2672 resuscitatur
1268 2614 1510 2684 quisque

321 2703 434 2764 per
485 2690 750 2762 gratiam,
807 2686 1212 2760 quantominus
1267 2683 1508 2741 mortiti-

329 2766 491 2819 catus
534 2766 618 2817 est
670 2776 775 2832 per
827 2759 1074 2830 culpam.
1114 2756 1274 2813 Unde
1315 2755 1507 2812 Domi-

329 2847 439 2890 nus
488 2832 733 2902 puellam
780 2846 973 2888 coram
1019 2829 1210 2899 paucis
1248 2827 1319 2883 dc
1356 2826 1507 2883 facili

329 2904 589 2974 suscitat,
625 2903 828 2974 puellae
874 2902 1071 2958 dicens
1110 2922 1125 2957 ε
1162 2901 1378 2981 Surae?
1412 2899 1506 2970 ju-

314 2990 536 3033 -venem
575 2990 768 3032 coram
803 2974 1083 3046 pluribuS,
1120 2977 1179 3027 et
1206 2986 1370 3042 quasi
1399 2970 1507 3026 dis·

328 3039 558 3114 ficilius,
589 3053 828 3119 tangens
855 3044 1150 3112 feretrum,
1189 3049 1246 3098 et
1271 3043 1504 3100 dicens:

325 3117 680 3180 Adolescens,
728 3118 837 3174 tibi
881 3117 1026 3185 dico,
1077 3130 1241 3182 surqe
1267 3134 1291 3183 ,-
1333 3116 1507 3170 Laza-

326 3204 460 3247 rum
520 3188 876 3256 difficillime,
938 3186 1073 3258 quia
1132 3200 1260 3240 cum
1321 3186 1507 3258 lacry-

326 3260 459 3327 mis,
509 3275 639 3315 cum
681 3258 932 3328 fremitu,
980 3270 1110 3312 cum
1154 3254 1245 3311 sui
1284 3261 1507 3325 pertur-

328 3329 581 3399 batione,
627 3345 756 3385 cum
805 3343 1015 3400 magna
1060 3342 1220 3396 voce,
1268 3326 1505 3385 dicens:

327 3403 574 3466 lazare,
627 3402 756 3455 veni
809 3401 987 3468 foras,
1044 3403 1102 3452 et
1150 3398 1311 3469 quasi
1377 3413 1507 3454 cum

328 3470 541 3532 auxilio
567 3477 624 3527 et
647 3472 973 3527 testimonio
1000 3469 1390 3543 praesentium,
1425 3469 1508 3525 di·

331 3559 508 3602 cens}
545 3544 773 3606 Solvite,
828 3547 882 3598 et
934 3542 1104 3597 sinite
1155 3540 1330 3596 abire.
1384 3542 1509 3597 Non

333 3614 490 3687 quod
521 3615 764 3670 Domino
816 3619 934 3669 tam
965 3611 1145 3668 facilis
1195 3627 1313 3667 non
1336 3611 1509 3668 fuerit

332 3686 688 3744 resuscitatio
714 3685 910 3740 Lazari
925 3684 1074 3739 sicut
1096 3682 1320 3755 pueHae,
1353 3699 1505 3753 cum,

334 3762 404 3814 ut
446 3759 526 3813 ait
565 3757 939 3826 Anqustinus,
973 3769 1142 3810 nemo
1186 3760 1306 3809 tam
1342 3753 1508 3812 facile

334 3829 542 3886 excitat
587 3830 648 3885 in
693 3828 859 3892 lecto,
903 3842 1074 3899 quam
1140 3826 1399 3883 Christus
1449 3827 1506 3882 in

334 3900 678 3971 sepulchr03
713 3900 813 3955 sed
838 3899 1065 3955 Domini
1089 3898 1239 3954 facta
1265 3896 1508 3954 aliarum

332 3984 529 4027 rerum
581 3977 715 4027 sunt
766 3972 1042 4042 exempla.
1110 3972 1306 4043 Longa
1354 3970 1508 4025 enim

333 4044 745 4099 consuetudine
808 4058 1045 4114 pressus,
1094 4043 1188 4097 vix
1229 4047 1287 4098 et
1348 4039 1508 4111 quasi

336 4125 466 4168 cum
493 4113 689 4170 labore
723 4114 1046 4169 suscitatur.
1084 4114 1211 4183 Qui,
1238 4119 1301 4168 ut
1329 4111 1506 4168 susci·

331 4186 510 4252 tetur,
563 4186 864 4241 Dominum
913 4185 1067 4254 cogit
1104 4184 1405 4256 lacrymari
1451 4188 1507 4238 et

335 4252 550 4325 ejulare
582 4270 597 4323 3
633 4262 691 4311 et
749 4257 897 4324 ide0,
935 4255 1069 4312 licet
1103 4270 1272 4310 omne
1303 4270 1507 4325 pecca-

326 4329 483 4396 tum,
528 4326 771 4384 maxime
814 4332 1011 4385 tamen
1057 4326 1343 4399 peccandi,
1370 4340 1506 4382 con-

1612 761 1731 817 lnm
1781 761 1853 818 sit
1890 779 1907 831 ;
1943 763 2024 819 sic
2072 768 2132 820 et
2179 779 2211 819 e
2260 777 2559 831 converse,
2599 760 2788 816 omnis

1613 834 1795 889 virtus
1849 833 2003 891 bona
2054 834 2464 890 consuetudine
2506 832 2573 888 fit

1607 910 1673 964 et
1721 903 1924 975 faciliS,
1990 906 2126 976 quia
2182 904 2324 961 nihil
2371 902 2562 959 differt
2606 917 2791 959 assue-

1615 976 1696 1032 sci
1741 976 1843 1045 sic,
1893 977 1981 1032 vel
2030 978 2189 1034 sic.»
2241 975 2467 1045 Triplex
2526 979 2611 1030 est
2653 989 2790 1043 ergo

1617 1063 1770 1103 mors
1825 1048 2006 1118 culpae
2035 1048 2329 1122 designata
2378 1047 2438 1103 in
2484 1045 2799 1117 praedicto--

1615 1134 1741 1174 rum
1778 1119 1951 1191 trium
1978 1126 2182 1190 morte,
2213 1119 2463 1176 scilicet:
2493 1121 2789 1188 peccatum

1616 1189 1822 1260 cordiS,
1881 1197 2176 1260 peccatum
2235 1190 2446 1262 operis,
2488 1195 2546 1245 et
2593 1203 2790 1259 pecca-

1614 1266 1737 1317 tum
1797 1262 2237 1321 consuetudinis.
2299 1265 2363 1318 In
2421 1259 2796 1317 suscitatione

1613 1348 1750 1388 vero
1782 1333 1988 1389 horum
2016 1334 2193 1390 trium
2224 1337 2579 1390 mortuorum
2608 1335 2800 1386 osten--

1614 1419 1740 1459 sum
1777 1410 1881 1473 est,
1934 1404 2088 1476 quod
2149 1405 2407 1462 Salvator
2455 1406 2789 1482 potestatem

1615 1475 1792 1532 habet
1828 1491 1999 1546 super
2043 1475 2326 1547 triplicem
2376 1479 2640 1542 mortem,
2685 1487 2792 1527 sci·

1617 1546 1790 1603 licet:
1830 1553 2069 1608 naturae.
2113 1548 2294 1618 eulpae
2352 1552 2410 1603 et
2461 1546 2740 1616 gehennae
2770 1560 2794 1611 ;Δ

1616 1633 1787 1687 super
1836 1618 2120 1688 triplicem
2162 1619 2362 1686 vitam,
2404 1616 2661 1674 scilicet:
2694 1629 2800 1670 na-

1614 1694 1779 1755 turae,
1821 1687 2040 1772 gratiae,
2078 1689 2297 1761 gloriae.
2331 1690 2605 1756 Quartum
2637 1701 2791 1741 mor-

1616 1764 1797 1825 tuum,
1827 1761 2151 1817 insinuante
2202 1759 2512 1842 discipulo,
2553 1755 2793 1824 audivit,

1614 1831 1714 1886 sed
1738 1832 1811 1887 ad
1843 1847 1974 1888 eum
2001 1832 2084 1887 ire
2112 1832 2317 1902 noluit,
2353 1832 2412 1887 id
2435 1836 2519 1886 est
2546 1830 2618 1885 ad
2646 1845 2801 1885 mor·

1615 1904 1784 1984 tuum
1825 1903 1887 1959 in
1926 1902 2331 1974 obstinatione,
2384 1902 2474 1958 vel
2519 1902 2791 1984 despera-

1615 1979 1788 2042 tione,
1818 1989 1915 2030 seu
1946 1990 2122 2045 prava
2147 1975 2364 2043 peccati
2385 1978 2746 2030 excusatione
2770 1989 2788 2040 ;

1616 2044 1688 2100 de
1736 2060 1849 2115 quo
1879 2045 2020 2101 dixit
2052 2063 2067 2102 :
2105 2048 2338 2102 Dimitte
2361 2048 2606 2101 mortuos
2630 2058 2786 2118 sepe-

1621 2116 1725 2171 lire
1749 2122 1993 2172 mortuos
2028 2132 2178 2173 suos.

1687 2186 1723 2236 6
1762 2188 2021 2255 Qmsoms
2061 2205 2144 2244 sn·
2185 2205 2367 2246 mm
2415 2204 2613 2244 surus
2654 2203 2796 2245 m-

1619 2277 1766 2322 QUAM
1791 2277 2181 2317 nnspnmnmr
2212 2277 2328 2317 nsr.
2361 2291 2429 2302 —
2459 2262 2589 2316 Haec
2613 2258 2789 2330 igitur

1618 2330 1915 2387 audientes
1937 2333 2035 2403 qui
2075 2337 2246 2397 stant,
2275 2347 2393 2388 non
2421 2334 2798 2402 praesumant,·

1618 2403 1717 2458 sed
1765 2403 1915 2458 cauti
1970 2404 2105 2473 sint,
2139 2419 2212 2460 ne
2263 2403 2520 2473 cadant;
2578 2406 2637 2457 et
2725 2402 2787 2458 ui

1619 2474 1965 2544 ceciderunt,
2000 2490 2117 2531 non
2142 2475 2464 2546 desperent,
2504 2473 2603 2531 sed
2629 2487 2696 2529 so
2738 2473 2788 2530 i-

1620 2546 1716 2601 citi
1754 2546 1887 2616 sint,
1928 2552 1991 2603 ut
2028 2553 2349 2620 resurgant.
2391 2547 2554 2602 Unde
2588 2546 2785 2616 Anqu-

1618 2620 1801 2673 stinus
1827 2636 1846 2672 .·
1880 2638 1903 2668 ι
1943 2620 2075 2675 Haec
2113 2634 2270 2690 ergo,
2325 2616 2663 2688 charissimi,
2694 2631 2817 2692 ως·

1621 2689 1879 2758 divimus,
1933 2694 1996 2745 ut
2046 2689 2142 2760 qui
2194 2690 2392 2745 vivunt
2434 2690 2645 2757 vivant,
2694 2688 2795 2760 qui

1621 2760 1828 2815 mortui
1869 2766 2004 2816 sunt
2039 2760 2399 2818 reviviscant.
2443 2761 2570 2817 Sive
2605 2759 2794 2817 adhuc

1621 2837 1916 2902 peccatum
1964 2832 2024 2887 in
2067 2832 2237 2888 corde
2291 2836 2628 2902 conceptum
2674 2845 2791 2888 non

1619 2905 1897 2974 processit
1937 2903 1996 2958 in
2019 2901 2254 2974 factum,
2285 2904 2579 2975 poeniteat,
2610 2901 2788 2958 corri-

1620 2979 1787 3045 gatur
1851 2974 2153 3046 cogitatiO,
2211 2980 2473 3058 resurgat
2528 2978 2787 3030 mortuus

1621 3046 1771 3100 intra
1790 3045 2033 3102 -domum
2080 3047 2462 3102 conscientiae.
2501 3046 2628 3101 Sive
2666 3044 2788 3118 jam

1618 3117 1773 3188 quod
1801 3118 2141 3189 excogitavit
2169 3117 2417 3188 admisit,
2450 3133 2554 3173 nec
2584 3117 2663 3172 sic
2693 3118 2794 3176 dc·-

1616 3195 1910 3259 speretur;
1958 3204 2075 3245 non
2124 3190 2370 3245 surrexit
2415 3194 2668 3245 mortu—us
2710 3190 2795 3247 in-

1619 3266 1726 3326 tuS‚
1767 3264 1965 3332 surgat
2002 3261 2203 3330 clatuS,
2232 3261 2504 3331 poeniteat
2528 3260 2683 3331 facti,
2722 3261 2795 3318 de

1619 3332 1875 3400 proximo
1913 3332 2233 3400 reviviscat,
2284 3347 2401 3387 non
2439 3338 2531 3387 eat
2570 3333 2629 3387 in
2665 3348 2796 3403 pro·

1618 3402 1793 3458 funda
1833 3403 2160 3474 sepulturae‚
2195 3418 2312 3459 non
2350 3401 2592 3473 accipiat
2626 3405 2791 3460 desu-

1619 3489 1723 3544 per
1761 3475 2183 3531 consuetudinis
2229 3474 2463 3532 molem.
2507 3475 2615 3531 Sed
2646 3474 2794 3532 forte

1611 3547 1734 3616 jam
1781 3545 1863 3601 illi
1919 3547 2297 3619 loquor,⁹qui
2347 3546 2470 3618 jam
2515 3547 2659 3603 duro
2707 3548 2796 3603 sui

1618 3615 1785 3671 molis
1831 3617 2018 3688 lapide
2062 3620 2358 3689 premitur,
2400 3618 2497 3688 qui
2536 3619 2658 3690 jam
2700 3633 2798 3674 ur-

1620 3692 1786 3759 getur
1812 3688 2235 3744 consuetudinis
2261 3689 2530 3759 pondere,
2555 3688 2652 3760 qui
2673 3689 2794 3761 jam

1620 3759 2033 3830 quatriduanus
2069 3765 2256 3831 putet;
2299 3776 2404 3816 nec
2435 3760 2554 3831 ipse
2594 3760 2795 3832 despe-

1619 3834 1728 3898 ret,
1760 3829 2040 3900 profunde
2071 3837 2326 3885 mortuus
2363 3836 2470 3898 est,
2503 3832 2601 3887 sed
2629 3833 2797 3890 altius

1622 3906 1706 3957 est
1734 3901 2007 3970 Christus,
2039 3907 2218 3973 agunt
2247 3903 2420 3958 etiam
2445 3903 2587 3958 tales
2619 3904 2796 3975 poeni—

1619 3973 1882 4031 tentiam.
1926 3974 2119 4044 Neque
2163 3973 2318 4029 enim
2357 3975 2566 4029 Lazaro
2607 3990 2802 4034 resus-

1622 4044 1794 4098 citato
1848 4048 1974 4113 post
2019 4044 2385 4115 quatriduum
2439 4044 2585 4102 ullus
2624 4051 2798 4117 putor

1620 4114 1680 4168 in
1743 4113 1968 4170 vivente
2027 4120 2427 4184 remanserat,
2489 4132 2627 4190 ergo
2694 4116 2793 4191 qui

1618 4185 1835 4254 vivunt,
1888 4186 2099 4256 vivant,
2164 4188 2262 4257 qui
2325 4191 2515 4242 autem
2579 4188 2793 4245 mortui

1618 4262 1776 4323 sunt,
1833 4258 1892 4313 in
1944 4273 2301 4329 quacumque
2354 4257 2561 4315 harum
2601 4257 2778 4318 trium

1619 4334 1805 4386 morte
1863 4344 1925 4386 se
1976 4330 2318 4403 invenerint,
2385 4330 2779 4402 poenitentiam
