3146 5023
421 426 515 480 ια
1172 425 1396 481 puin
1449 424 1685 480 mnus
1739 423 1948 478 cirni-
2000 398 2148 476 x'cu

430 534 689 592 nostram
716 529 1032 614 amatus-ui
1061 528 1304 603 Spiritus
1327 528 1602 615 illustrat,

424 610 599 735 ingane
645 603 721 662 ad
766 607 1151 675 cognitionem
1201 617 1306 658 nos
1350 617 1600 674 proprloe

1700 533 1834 588 sunt
1873 527 2138 586 membra
2186 525 2467 598 corporis,
2497 525 2779 584 exterius
2818 541 2919 598 po·

1702 601 1833 659 sita.
1881 604 2176 672 Exspuens
2211 613 2349 670 ergo
2401 597 2463 655 in
2492 599 2706 657 oculos
2750 598 2917 667 efflei,

564 673 777 733 mitatis
792 674 1152 801 studiumque
1171 674 1340 731 bonae
1355 673 1600 731 actionis
1705 672 1981 731 Dominus
2023 671 2264 743 imponit
2293 686 2500 731 manus
2540 687 2684 729 suas
2725 674 2806 726 ut
2835 670 2916 725 vi-

422 746 702 807 accendit.
734 745 1039 818 Appi-eheu
1085 746 1127 800 it
1160 761 1396 802 manum
1437 744 1597 815 coeci,

422 825 487 877 ut
531 834 664 875 eum
699 817 774 874 ad
811 816 1231 873 exsecutionem
1262 817 1429 873 bonoe
1456 832 1595 888 ope-

417 888 657 948 rationis
681 888 981 946 confortet.
1022 887 1227 944 Educit
1252 888 1413 944 illum
1435 894 1597 946 extra

416 960 624 1027 vicum,
670 965 735 1018 ut
757 975 795 1016 a
822 959 940 1017 vita
981 958 1201 1041 vulgari
1233 966 1593 1035 segregatus,

413 1030 763 1089 voluntatem
801 1030 888 1088 sui
928 1030 1277 1100 conditoris,
1307 1047 1422 1102 quo
1460 1032 1595 1088 iliu-

416 1102 624 1159 minari
646 1106 919 1171 meretur,
936 1102 1175 1160 liberius
1199 1102 1399 1160 sedulo
1421 1103 1595 1160 corde

412 1179 717 1233 scrutetur.
738 1174 1007 1246 Quisquis
1028 1174 1182 1231 enim
1210 1174 1404 1231 iumen
1431 1179 1596 1232 aster-

412 1243 614 1304 nitatis
638 1246 833 1304 videre
857 1246 1163 1315 desiderat,
1186 1261 1304 1303 uon
1333 1246 1597 1317 exempla

412 1319 733 1387 turbarum,
765 1317 866 1375 sed
909 1318 1180 1374 ducatum
1199 1332 1458 1400 ‘necesse
1505 1322 1594 1373 est

414 1388 786 1518 winsi*
800 1389 1597 1533 οξέἒῶἳρηῗΐὶὥὲὃέῗὲῑ

415 1545 535 1587 non
549 1535 784 1604 repente
805 1535 988 1601 curat,
1001 1548 1171 1604 quem
1191 1547 1321 1589 mox
1344 1546 1457 1589 uno
1470 1547 1597 1588 ver·

411 1601 509 1671 bo,
530 1602 579 1661 si
601 1604 789 1674 veliet,
812 1604 1109 1661 confestim
1123 1607 1349 1676 poterat
1367 1618 1590 1673 curare,

413 1675 479 1729 ut
514 1674 972 1746 magnitudinem
1010 1675 1279 1732 humanas
1319 1674 1594 1732 caecitatis

411 1746 774 1815 ostenderet:
798 1762 929 1819 quae
1028 1746 1111 1803 asi
1136 1745 1507 1818 pedetentim,
1532 1750 1593 1802 et

489 1831 518 1870 ι·
544 1817 824 1887 quosdam
859 1834 964 1890 per
985 1821 1213 1874 ectuum
1250 1817 1486 1888 graduS,
1514 1817 1590 1873 ad

436 1902 599 1943 ucem
642 1888 850 1945 divinae
894 1886 1132 1944 visionis
1182 1889 1328 1947 solet
1381 1903 1590 1961 perve-

413 1956 558 2016 nire.
592 1960 831 2030 Sputum
859 1959 1068 2032 quippe
1099 1959 1173 2017 ab
1197 1958 1355 2017 intus
1390 1959 1464 2017 de
1492 1974 1585 2017 ca-

1699 746 1855 815 deai„
1891 742 1989 816 qui
2015 743 2328 800 caecitatem
2357 743 2590 813 generis
2630 742 2912 812 humani,

1697 821 1758 874 et
1826 833 1930 889 per
1994 813 2301 872 invisibilia
2363 815 2576 874 divinae
2659 813 2911 886 pietatis

1698 889 1871 958 dena,
1924 890 1981 945 et
2034 902 2134 957 per
2189 884 2441 943 exhibita
2498 884 2648 945 foris
2701 901 2910 943 sacra·

1697 966 1892 1017 menta
1921 963 2231 1032 assumptae
2260 958 2646 1016 humanitatis
2676 957 2909 1013 abster-

1697 1031 1791 1088 sit.
1826 1030 1989 1098 Quod
2020 1036 2213 1087 autem
2251 1043 2381 1085 eum
2422 1031 2484 1086 in
2513 1031 2766 1087 domum
2822 1031 2905 1084 ire

1694 1105 1989 1177 praecepit,
2048 1101 2284 1174 mystice
2342 1102 2621 1159 admonet
2691 1115 2905 1156 omnes

1696 1174 1791 1248 qui
1834 1172 2169 1245 cognitione
2208 1171 2466 1230 veritatis
2498 1173 2903 1238 illustrantur,

1694 1251 1759 1303 ut
1779 1246 1853 1303 ad
1879 1261 1980 1302 cor
2008 1251 2179 1301 suum
2203 1245 2444 1301 redeant
2467 1261 2481 1313 ;
2515 1252 2574 1300 et
2605 1248 2904 1314 quantum

1695 1317 1803 1375 sihi
1828 1317 2102 1373 donatum
2129 1316 2223 1385 sit,
2256 1315 2501 1372 sollicita
2533 1318 2735 1371 mente
2769 1329 2904 1383 per·

1692 1389 1965 1462 pendant,
1991 1387 2218 1444 donatis
2247 1387 2586 1459 collatisque
2636 1383 2779 1468 sibi·
2799 1386 2905 1441 be-

1693 1460 1934 1527 neficiis,
1993 1459 2172 1531 digna
2218 1472 2467 1543 ‘operum
2519 1461 2904 1539 exsecutione

1692 1530 2907 1674 &35222532311333azffz'itffffi’sassz‘eaf

1693 1690 1854 1731 suam
1882 1673 2106 1730 silentio
2131 1677 2326 1744 tegere
2339 1674 2527 1745 jubet,
2552 1670 2901 1743 exemplum

1693 1746 1813 1803 suis
1868 1745 2090 1814 tribuit,
2132 1760 2209 1801 ne
2253 1745 2326 1801 de
2361 1744 2452 1801 his
2492 1759 2620 1815 quae
2672 1742 2907 1800 faciunt

1695 1816 1999 1900 mii-andis²
2044 1817 2302 1875 favorem
2347 1814 2489 1887 fulgi
2540 1814 2904 1886 requirant;

1695 1889 1797 1944 sed
1823 1886 2034 1945 divinis
2059 1892 2289 1945 tautum
2318 1885 2673 1960 aspectibuS,
2706 1884 2813 1942 ubi
2849 1887 2907 1941 et

1697 1974 1918 2016 merces
1994 1975 2194 2016 eorum
2249 1963 2449 2030 restat,
2493 1959 2610 2015 sint
2656 1957 2904 2030 placere

415 2028 533 2104 pite
588 2029 814 2089 Domini
868 2031 1154 2105 procedit3
1190 2046 1396 2091 manus
1448 2046 1588 2089 vero
1688 2028 1977 2089 contenti:
2021 2049 2052 2085 ιο
2086 2032 2211 2089 haec
2234 2032 2402 2088 Beda.

1524 2228 1786 2290 ORATIO

491 2396 730 2455 Domine
764 2399 902 2455 Jesu
950 2395 1196 2469 Christe,
1224 2399 1315 2456 sac
1355 2394 1581 2455 mecum
1619 2413 1847 2469 Signum
1883 2395 2236 2456 infirmitatis
2265 2402 2322 2456 et
2354 2396 2647 2457 Passionis
2681 2402 2802 2458 tuae
2834 2403 2900 2462 in

418 2468 655 2540 honum,
685 2473 747 2526 ut
773 2466 907 2528 inde
933 2483 1039 2541 per
1064 2472 1121 2526 te
1149 2484 1240 2527 me
1270 2469 1526 2528 ad'utum
1553 2472 1833 2555 gaudeam
1861 2475 1919 2528 et
1947 2471 2328 2530 consolatum.
2362 2472 2406 2529 Ο
2437 2470 2599 2543 panis
2625 2470 2785 2545 vitae‚
2821 2477 2901 2538 da

420 2538 564 2597 mihi
593 2555 820 2615 semper
842 2545 943 2597 tuo
969 2556 1166 2599 amore
1189 2542 1327 2599 refic
1354 2588 1370 2612 ,
1399 2547 1463 2599 ut
1491 2558 1679 2604 minus
1713 2542 1986 2601 solliciter
2012 2543 2084 2600 de
2113 2559 2264 2615 pane
2286 2544 2376 2602 vel
2406 2559 2769 2616 quocumque
2804 2565 2901 2607 so·

420 2610 559 2669 latio
597 2612 919 2685 temporali.
953 2615 1037 2673 Da
1067 2612 1226 2685 mihi,
1256 2617 1320 2671 ut
1347 2631 1383 2673 a
1410 2616 1693 2673 fermento
1728 2630 2014 2688 perversae
2059 2614 2354 2687 doctrinae,
2385 2632 2454 2672 ac
2482 2615 2767 2674 simulatae
2795 2621 2897 2691 jn-

421 2683 613 2757 stitiae,
645 2699 704 2743 et
731 2684 977 2743 actionis
1000 2701 1192 2762 pravae
1221 2701 1493 2756 caveam3
1524 2692 1582 2745 et
1614 2688 1674 2744 in
1701 2687 1792 2744 his
1830 2704 1938 2746 nec
1966 2688 2148 2744 active
2191 2703 2297 2745 nec
2335 2686 2557 2760 passive
2595 2692 2653 2746 te
2692 2691 2894 2748 offen-

420 2755 574 2839 dam.
612 2756 657 2814 0
700 2757 973 2831 splendor
1016 2761 1273 2834 paternae
1321 2758 1542 2832 gloriae,
1571 2757 1834 2818 illumina
1885 2775 2008 2828 cor
2035 2774 2230 2817 meum
2277 2758 2491 2817 lumine
2528 2764 2642 2816 tuae
2679 2763 2894 2834 gratiae

415 2826 650 2899 divinae,
680 2843 889 2901 meque
915 2829 987 2885 de
1016 2830 1279 2889 omnihus
1308 2830 1599 2889 erroribus
1628 2836 1687 2887 et
1711 2830 1933 2907 laqueis
1962 2847 2120 2904 erue,
2146 2846 2215 2892 ac
2245 2830 2430 2907 dirige
2460 2832 2522 2890 in
2544 2833 2698 2890 viam
2728 2836 2893 2893 veri-

418 2899 555 2960 tatis
579 2902 640 2959 et
655 2899 917 2977 justitiae,
935 2915 1004 2965 ac
1030 2902 1231 2961 salutis
1256 2907 1511 2966 aeternae.
1540 2903 1742 2963 Amen.

1086 3600 1236 3640 mu·
1272 3599 1437 3638 mnu
1480 3598 1617 3642 uns
1647 3601 1788 3644 VITAE
1820 3602 1945 3640 JBSU
1977 3603 2206 3643 onmsv.
