3146 5023
299 475 393 527 182
1003 471 1224 524 PRIMAE
1278 469 1523 522 PARTIS
1581 468 1795 520 CAPUT
1849 467 2082 521 LXVIII

294 579 437 636 illud
464 577 619 650 quod
646 575 1028 633 communiter
1057 574 1299 630 dicitur:
1334 575 1473 630 Per·
1514 600 1521 605 -

296 650 508 707 entitur
537 665 700 721 puer,
746 652 801 703 et
835 646 1090 718 queritur
1118 663 1131 714 ;
1166 645 1267 701 sed
1301 661 1475 701 causa

293 727 534 778 tacetur.
577 720 926 789 Quandoque
968 717 1141 773 etiam
1175 718 1330 788 ,iusto
1372 715 1472 772 Dei

290 792 504 865 judicio
526 790 749 846 talesia
768 788 1108 844 necessitate
1130 788 1475 844 deseruntur

295 865 368 921 ab
393 863 540 930 aliis,
564 866 624 916 ut
649 861 793 917 sicut
814 861 1069 916 fecerunt
1084 861 1185 915 fiat
1205 864 1262 915 et
1287 858 1426 930 ipsis
1453 876 1471 928 3

295 937 354 991 et
381 936 603 990 utinam
634 934 756 987 haec
789 947 853 987 sa
896 936 1076 1000 erent,
1104 935 1161 987 et
1186 930 1477 1002 intellige-

298 1009 451 1073 rent,
483 1008 541 1059 et
573 1020 634 1059 se
670 1019 836 1060 emen
878 1006 1041 1058 arent
1068 1003 1082 1058 l

373 1100 405 1148 9
431 1078 705 1132 Sam-mma
738 1091 920 1130 mmm
954 1091 968 1129 :
1010 1090 1342 1129 cnr-,meorum
1390 1089 1482 1128 cu-

300 1164 565 1207 mosrrAS.
591 1164 747 1202 cums
770 1162 1034 1201 ramnum
1055 1161 1474 1201 nNquRANrun.

303 1250 374 1261 —
403 1217 717 1289 Septimum
762 1217 997 1286 malum,
1056 1217 1209 1287 quod
1264 1230 1478 1287 praece-

300 1289 459 1346 denti
478 1305 629 1360 saepe
650 1289 800 1345 malo
830 1293 918 1344 est
939 1290 1348 1355 annexum,·est
1363 1300 1480 1341 ma-

299 1360 572 1417 ledictum
619 1359 966 1416 curiositatis
1018 1359 1238 1424 vitium,
1276 1374 1310 1413 a
1363 1372 1476 1428 quo

302 1432 509 1489 tamin
541 1432 822 1501 faciendo,
855 1446 1026 1502 quam
1068 1429 1279 1486 utendo
1325 1432 1477 1483 tam-

303 1519 476 1575 quam
511 1519 545 1559 a
575 1519 860 1559 venenoso
892 1506 1154 1573 serpente
1186 1505 1272 1556 est
1301 1498 1483 1556 omni‹

301 1575 409 1632 bus
439 1574 537 1630 Dei
569 1574 749 1630 servis
779 1573 1204 1631 abstinendum.
1240 1570 1480 1628 Curiosa

306 1647 459 1702 enim
492 1646 586 1716 qui
617 1645 853 1716 faciunt,
904 1649 962 1701 et
1008 1646 1104 1715 qui
1135 1645 1218 1699 eis
1264 1642 1346 1698 uti
1380 1658 1478 1697 vo-

306 1717 449 1786 lunt,
482 1718 697 1773 mundo
727 1717 926 1772 vivunt
973 1720 1029 1771 et
1068 1713 1339 1770 serviunt.
1373 1715 1480 1768 Ta-

305 1788 384 1843 lia
413 1804 661 1858 namque
689 1792 824 1842 sunt
881 1789 1217 1842 ornamenta
1260 1783 1478 1853 mundi,

308 1863 366 1915 et
393 1857 748 1929 blasphemia
780 1857 902 1913 Dei.
950 1857 1056 1923 Qui
1105 1872 1239 1911 vero
1274 1855 1333 1910 in
1376 1870 1480 1926 pu-

307 1929 478 1986 ritate
546 1927 911 1983 conscientiae
969 1926 1212 1982 intendit
1267 1926 1480 1995 vivere,

307 1999 517 2057 mirum
549 1999 833 2069 quomodo
860 1999 919 2054 in
938 1999 1199 2054 faciendo
1219 1997 1307 2053 vel
1324 2003 1484 2053 uten-

307 2071 404 2139 do,
445 2087 506 2126 se
546 2070 715 2126 audet
756 2072 865 2126 hac
920 2071 1042 2126 fece
1094 2071 1329 2126 soedare.
1387 2071 1485 2123 Est

311 2142 467 2199 enim
496 2141 902 2214 periculosum,
949 2147 1004 2198 et
1033 2147 1120 2198 est
1164 2142 1325 2198 valde
1356 2156 1482 2195 ma-

348 2231 482 2270 num
498 2214 717 2270 vitium.
737 2246 802 2257 —
821 2214 1011 2272 Primo
1030 2214 1163 2285 quia
1175 2218 1398 2283 tempus
1411 2211 1484 2266 ad

334 2286 664 2342 audandum
693 2288 873 2342 Deum
911 2300 1245 2342 concessum
1291 2281 1481 2354 perdi-

290 2360 426 2424 tur,
455 2362 511 2411 et
541 2361 740 2412 contra
764 2357 952 2426 ipsum
981 2356 1040 2409 in
1065 2356 1229 2411 vanis
1270 2368 1480 2422 expen-

307 2426 480 2483 ditur.
511 2428 688 2481 Multo
733 2426 886 2480 enim
942 2426 1069 2497 plus
1121 2426 1190 2480 de
1225 2430 1482 2493 tempore

310 2501 550 2569 occupat
600 2495 886 2553 curiosum
926 2502 1069 2567 opus
1115 2511 1288 2567 quam
1316 2509 1481 2566 expe-

307 2568 465 2636 diat;
506 2572 564 2625 et
590 2570 700 2626 hoc
749 2569 916 2625 valde
946 2568 1161 2625 malum
1199 2584 1324 2624 esse
1354 2566 1482 2622 nul-

306 2640 398 2697 lus
418 2640 648 2711 sapiens
673 2640 917 2712 ignorat.
941 2670 1013 2683 --
1034 2641 1316 2708 Secunde,
1347 2638 1484 2711 quia

306 2711 536 2784 facienti
595 2716 680 2769 est
731 2729 902 2768 causa
955 2729 1120 2769 vanae
1183 2712 1380 2784 gloriae
1431 2715 1487 2766 et

305 2783 616 2856 jactantias.
651 2784 694 2839 Ο
724 2783 946 2854 quoties
994 2783 1205 2855 cogitat
1235 2787 1290 2838 et
1321 2797 1484 2837 reco-

308 2854 471 2928 gitat,
490 2871 555 2911 ac
572 2860 761 2911 mente
781 2855 1041 2923 revolvit,
1062 2854 1235 2910 etiam
1257 2854 1483 2925 quando

307 2943 428 2984 non
466 2932 758 2999 operatur,
807 2943 875 2983 ac
908 2926 1082 2983 etiam
1121 2926 1351 2999 quando
1400 2925 1485 2981 di-

305 2998 454 3054 vinis
484 2999 779 3055 intendere
830 2999 1020 3066 debet,
1063 3003 1126 3054 ut
1176 2998 1485 3070 pulchrum

311 3086 455 3142 opus
484 3071 654 3127 faciat
686 3072 698 3127 l
734 3073 777 3128 Ο
817 3072 1039 3143 quoties
1081 3070 1225 3126 illud
1263 3068 1484 3141 aspicit,

306 3149 364 3197 et
393 3141 528 3222 inde
558 3159 619 3198 se
645 3148 891 3214 reputat,
921 3148 978 3199 et
1015 3142 1167 3213 apud
1204 3141 1348 3197 alios
1395 3155 1486 3196 re-

308 3215 499 3291 putari
545 3213 664 3291 vult
695 3218 752 3267 et
806 3229 867 3267 se
926 3213 1130 3268 ‘actatl
1158 3242 1228 3253 —
1272 3210 1485 3279 Tertio,

310 3296 448 3351 qma
483 3287 658 3359 enam
688 3282 740 3336 ei
783 3282 875 3336 cui
938 3283 1070 3347 acit,
1111 3285 1198 3337 est
1235 3297 1406 3337 causa
1433 3285 1490 3336 et

309 3365 532 3406 occasio
587 3351 889 3420 superbiae.
957 3352 1077 3407 Tali
1140 3352 1295 3408 enim
1360 3351 1486 3407 oleo

311 3421 464 3491 ignis
511 3419 793 3490 superbiae
848 3422 1119 3488 nutritur,
1177 3428 1234 3477 et
1303 3422 1487 3491 magis

312 3489 661 3549 accenditur.
687 3493 828 3546 Nam
846 3490 989 3547 sicut
1011 3492 1177 3546 rudia
1205 3496 1262 3546 et
1286 3507 1487 3571 grossa

311 3567 448 3621 sunt
488 3561 825 3618 humilitatis
877 3562 1227 3629 fomentum3
1273 3576 1353 3616 s1c
1398 3578 1489 3616 cu-

313 3636 471 3692 riosa
499 3638 556 3691 et
582 3635 821 3706 pulchra
844 3637 974 3689 sunt
1002 3631 1286 3702 superbias
1309 3633 1487 3687 nutri·

309 3711 590 3765 mentum.
618 3738 689 3748 —
707 3707 939 3774 Quart0,
970 3703 1104 3776 quia
1132 3708 1219 3759 est
1248 3703 1489 3760 materia

313 3784 375 3835 et
402 3779 625 3835 occasio
652 3776 981 3834 retrahendi
1012 3775 1316 3832 animuma
1344 3778 1483 3832 De0.

308 3849 473 3921 Nam,
537 3850 846 3907 secundum
923 3849 1264 3918 Greqorium,
1328 3851 1486 3903 tanto

313 3924 441 3993 quis
475 3938 511 3978 a
569 3938 816 3993 superno
870 3936 1066 3978 amore
1120 3919 1486 3991 disiungitur,

314 3999 526 4065 quanto
555 3993 792 4050 inferius
814 3994 1147 4050 delectatur.
1176 4022 1236 4032 --
1261 3990 1488 4059 Quinto,

313 4065 449 4136 quia
477 4071 561 4121 est
609 4064 1069 4137 concupiscentia
1117 4067 1175 4119 et
1227 4062 1489 4134 voluptas

311 4137 627 4193 oculorum.
688 4137 772 4192 Ad
822 4137 965 4193 nihil
1000 4134 1152 4191 enim
1202 4133 1342 4191 talia
1391 4150 1487 4189 cu-

305 4204 462 4262 riosa
508 4208 697 4263 valere
745 4206 1027 4276 videntur,
1078 4205 1187 4261 nisi
1243 4209 1305 4261 ut
1355 4204 1489 4260 inde

314 4277 463 4357 oculi
494 4283 831 4347 pascantur3
887 4284 944 4334 et
981 4293 1085 4349 per
1130 4277 1487 4347 consequens

310 4349 485 4405 enam
517 4346 742 4404 animus
790 4365 855 4403 ex
913 4349 996 4403 eis
1034 4346 1385 4402 distrahitur.
1419 4378 1489 4387 —

312 4418 500 4487 Sext0,
533 4418 667 4488 quia
694 4419 1003 4473 multorum
1025 4416 1268 4472 aliorum
1291 4421 1379 4472 est
1403 4416 1485 4472 la-

1588 588 1768 644 queus
1825 577 1884 629 et
1932 572 2125 629 ruina.
2186 570 2337 628 Nam
2403 571 2547 629 talia
2583 570 2777 644 respi-

1590 645 1806 700 cientes
1845 643 2038 700 multis
2083 642 2269 699 modis
2322 644 2616 700 offendere
2645 659 2781 715 pos-

1589 720 1720 771 sunt
1752 734 1765 771 :
1795 717 1884 772 vel
1914 714 2329 772 delectabiliter
2358 715 2688 787 aspiciendo
2717 719 2779 772 et

1590 787 1799 843 similia
1849 787 2357 858 concupiscend03
2417 787 2507 842 vel
2576 787 2776 844 detra·

1588 859 1780 915 hendo
1804 864 1860 915 et
1885 858 2306 926 maledicendo;
2333 874 2435 914 seu
2464 858 2591 914 aliis
2612 873 2777 914 scan-

1585 930 1785 999 dalum
1815 934 1873 987 et
1909 931 2230 1002 exemplum
2274 929 2413 986 inde
2461 930 2777 989 trahendO.

1590 1002 1790 1072 Cogita
1815 1019 1951 1073 ergo
1969 1002 2191 1072 quoties
2219 1003 2369 1057 Deus
2386 1001 2601 1058 offendi
2631 1005 2781 1073 pot—

1590 1075 1699 1128 erit
1727 1078 2038 1145 antequam
2091 1073 2189 1128 illa
2227 1072 2528 1129 curiositas
2577 1073 2771 1129 deleta

1591 1143 1681 1199 sit.
1717 1147 1796 1200 De
1829 1144 2098 1201 omnibus
2128 1149 2322 1200 autem
2358 1144 2471 1200 illis
2527 1143 2768 1200 offensis

1588 1215 1709 1286 ipse
1742 1215 1838 1286 qui
1869 1216 1981 1271 tale
2010 1232 2155 1287 opus
2179 1215 2333 1284 fecit,
2362 1216 2451 1271 vel
2477 1214 2604 1270 fieri
2632 1231 2768 1287 pro-

1590 1287 1832 1355 curavit,
1874 1291 1961 1344 est
1996 1286 2057 1342 in
2097 1303 2290 1356 causa,
2324 1292 2381 1342 et
2424 1303 2528 1358 per
2561 1302 2771 1343 conse-

1592 1374 1771 1429 quens
1811 1359 1873 1414 in
1913 1358 2097 1429 culpa.
2133 1361 2276 1414 Ecce
2331 1363 2469 1428 quot
2515 1358 2668 1414 mala
2713 1373 2783 1414 ex

1590 1430 1692 1484 tali
1741 1430 2070 1486 curiositate
2131 1429 2523 1501 proveniunt!
2578 1430 2781 1484 Adhuc

1593 1506 1680 1556 est
1713 1506 1768 1557 et
1818 1501 1975 1558 aliud
2015 1516 2287 1572 magnum
2344 1500 2563 1556 malum
2589 1500 2779 1569 valde,

1594 1572 1732 1643 quia
1784 1573 2083 1629 curiositas
2132 1571 2345 1627 directe
2402 1571 2596 1627 obviat
2645 1587 2782 1642 pau-

1593 1643 1822 1714 pertati.
1857 1647 1925 1699 Et
1965 1645 2114 1699 ultra
2152 1642 2346 1698 omnia
2373 1641 2652 1713 praedicta
2692 1645 2781 1698 est

1593 1715 1704 1770 hoc
1734 1715 1966 1783 malum,
1994 1714 2148 1784 quod
2173 1712 2314 1768 levis
2343 1728 2408 1767 ac
2439 1712 2571 1767 vani
2603 1715 2660 1766 et
2689 1712 2779 1768 in·

1594 1785 1908 1841 constantis
1969 1783 2146 1839 animi
2205 1787 2292 1838 est
2360 1781 2659 1850 indicium,
2713 1786 2775 1838 et

1595 1855 1877 1926 superbiae
1914 1855 1973 1910 in
2003 1853 2173 1910 corde
2228 1852 2457 1909 latentis
2514 1853 2767 1922 signum.

1596 1929 1714 1982 Hoc
1743 1931 1932 1983 autem
1975 1925 2192 1981 malum
2252 1922 2597 1980 curiositatis
2653 1939 2777 1979 non

1596 1999 1782 2055 solum
1802 1997 2089 2070 reperitur
2104 1996 2164 2052 in
2188 1995 2432 2062 clerici-s,
2474 1994 2577 2050 sed
2600 1993 2780 2051 etiam

1597 2070 1658 2125 in
1684 2068 1975 2142 plerisque
2004 2066 2310 2139 religiosis
2345 2065 2588 2133 Quidam
2623 2063 2784 2121 enim

1597 2158 1821 2212 eorum,
1858 2141 2056 2197 relicta
2112 2145 2170 2196 et
2228 2138 2394 2210 quasi
2451 2139 2782 2209 contempta

1597 2213 1969 2282 antiquorum
2019 2215 2248 2282 patrum
2307 2208 2673 2280 simplicitate
2725 2210 2783 2263 et

1596 2283 1940 2352 humilitate,
1998 2281 2282 2337 novitates
2364 2278 2672 2347 seculareS,
2715 2276 2781 2334 in

1597 2354 1790 2410 multis
1829 2354 1902 2410 ad
1935 2368 2102 2408 usum
2140 2351 2581 2423 pertinentibuS,
2623 2348 2783 2405 adin-

1594 2425 1857 2493 veniunt,
1900 2428 1957 2480 et
2009 2422 2304 2479 diabolum
2353 2423 2776 2478 adulterantem

1597 2514 1729 2554 cum
1771 2496 1887 2554 suis
1930 2493 2270 2553 satellitibus
2311 2493 2371 2551 in
2436 2492 2777 2564 religionem

1595 2568 2006 2639 introducunt,
2037 2567 2193 2624 unde
2228 2583 2343 2622 non
2374 2566 2645 2622 videntur
2662 2562 2770 2619 filii

1596 2641 1893 2712 religionis
1916 2639 2034 2697 veri
2067 2643 2124 2695 et
2154 2637 2414 2711 legitimi,
2449 2636 2549 2692 sed
2583 2634 2777 2707 potius

1598 2711 1864 2781 adulteri,
1898 2712 2053 2782 quia,
2085 2727 2119 2766 a
2148 2711 2357 2765 sanctis
2387 2708 2648 2781 patribus
2674 2706 2777 2764 de-

1598 2787 1963 2854 generanteS,
1995 2780 2352 2837 adulterinas
2381 2779 2663 2835 novitates
2720 2780 2778 2834 et

1600 2854 1959 2911 curiositates
2001 2852 2397 2921 adinveniunt,
2460 2856 2518 2908 et
2575 2848 2774 2921 quales

1601 2931 1756 2994 sunt,
1791 2926 1928 2982 talia
1984 2940 2160 2997 opera
2197 2923 2433 2980 faciunt.
2490 2922 2651 2979 Unde
2704 2919 2777 2976 de

1601 2997 1685 3054 eis
1708 2998 1850 3055 illud
1879 2996 2114 3069 vulgare
2153 2995 2265 3052 dici
2286 3000 2476 3068 potest
2508 3012 2523 3050 ι

1673 3104 1869 3171 Qualis
1915 3108 2037 3160 erat
2079 3103 2300 3173 mulier,
2357 3102 2471 3156 tale
2516 3099 2782 3239 coqffelffit

1604 3278 1849 3335 Ministri
1879 3293 2013 3347 ergo
2044 3274 2256 3332 diaboli
2286 3278 2436 3341 sunt,
2472 3272 2605 3340 quia
2634 3288 2668 3326 o
2713 3287 2780 3327 us

1601 3350 1727 3419 ejus
1764 3347 2026 3404 faciendo
2077 3345 2185 3401 sibi
2236 3342 2511 3399 serviunt.
2546 3344 2613 3396 Et
2644 3340 2665 3396 i
2708 3356 2777 3399 eo

1564 3479 1576 3484 ‚
1601 3423 1835 3499 propter
1860 3417 2085 3472 nullum
2116 3416 2187 3470 de
2219 3413 2459 3482 mund0‚
2490 3412 2605 3468 tale
2629 3428 2777 3486 opus

1601 3505 1731 3615 gum
1769 3489 1956 3543 facere
1990 3488 2180 3554 debet,
2226 3501 2331 3540 nec
2386 3484 2530 3540 velle
2572 3500 2679 3556 pro
2717 3499 2781 3542 se

1647 3558 1749 3627 eri,
1782 3557 2006 3614 etiamsi
2032 3557 2208 3631 gratis
2229 3558 2428 3624 fieret3
2460 3555 2594 3627 quia
2615 3555 2779 3614 nulla

1601 3631 1673 3687 de
1703 3646 1874 3686 causa
1902 3634 2134 3701 peccato
2164 3634 2251 3685 est
2282 3627 2778 3698 consentiendum,

1602 3706 1660 3758 et
1692 3703 1764 3758 ab
1792 3702 2015 3758 offensa
2053 3700 2153 3757 Dei
2184 3705 2270 3757 est
2294 3699 2561 3755 omnibus
2592 3696 2779 3756 mod1s

1603 3773 2023 3831 abstinendum.
2047 3774 2191 3828 Nam
2212 3776 2274 3827 ut
2292 3770 2431 3826 dicit
2458 3771 2775 3840 Anselmus,

1603 3862 1772 3901 omne
1801 3850 2093 3917 peccatum
2123 3859 2226 3915 per
2246 3840 2780 3914 praevaricationem

1603 3920 1784 3973 Deum
1815 3917 2148 3972 exhonorat.
2184 3915 2241 3972 Si
2262 3930 2397 3985 ergo
2429 3928 2664 3984 peccare
2694 3915 2781 3967 est

1604 3991 1785 4044 Deum
1820 3989 2198 4055 exhonorare,
2246 3987 2354 4041 hoc
2394 3985 2565 4039 homo
2592 3984 2780 4039 facere

1603 4076 1722 4115 non
1774 4059 2029 4130 deberet,
2069 4056 2296 4113 etiamsi
2334 4071 2568 4111 necesse
2630 4055 2780 4109 esset

1602 4131 1791 4202 perire
1824 4146 1992 4186 omne
2023 4130 2178 4200 quod
2202 4131 2351 4184 Deus
2390 4143 2504 4182 non
2534 4129 2638 4181 est.
2672 4122 2778 4180 Mi-

1602 4218 1730 4258 rum
1770 4218 1904 4273 ergo
1929 4202 2095 4257 valde
2116 4199 2401 4271 quomodo
2449 4195 2777 4266 homuncio,

1603 4272 1746 4329 cinis
1775 4278 1830 4328 et
1872 4271 2079 4344 pulviS,
2123 4274 2240 4326 tam
2291 4269 2563 4325 audacter
2595 4270 2779 4323 Deum

1601 4348 1660 4399 et
1691 4349 1909 4399 tantam
1960 4343 2317 4412 majestatem
2364 4338 2657 4411 praesumit
2691 4336 2778 4393 of-

1601 4415 1856 4471 fendere.
1889 4412 2050 4468 Unde
2097 4411 2457 4467 Ber-nardus:
2512 4429 2542 4464 «
2575 4409 2782 4479 Tanqit
