3146 5023
386 396 472 449 ¹02
1129 390 1353 444 PRIMAE
1404 390 1670 444 PARTIS
1725 386 1939 441 CAPUT
1994 385 2112 441 LIX

382 503 576 559 luntas
600 502 791 555 movet
818 496 1027 556 animae
1050 496 1339 569 potentias
1363 514 1379 566 ;
1410 502 1463 553 et
1492 513 1562 559 ex

393 578 512 630 tota
548 574 740 626 anima
791 575 907 635 tua,
938 567 1000 625 id
1054 573 1142 625 est
1186 584 1254 625 ex
1306 584 1379 640 ap
1453 567 1561 624 titu

390 641 688 711 sensitivo,
729 640 829 712 qui
867 644 1128 697 movetur
1160 655 1262 712 per
1299 657 1369 696 vo
1394 645 1563 696 unta·

388 721 528 773 tem.
557 715 719 770 Unde
759 729 889 783 pars
939 710 1212 769 sensitiva
1248 716 1437 782 potest
1473 711 1567 767 hic

392 784 634 856 intelligi
664 800 767 856 per
780 782 1053 854 animam,
1072 784 1385 840 secundum
1411 783 1567 854 quod

396 855 667 915 scribitur
710 855 771 911 in
826 855 1034 912 Genesi
1067 871 1082 910 t
1115 858 1316 911 Factus
1375 858 1457 910 est
1506 857 1568 909 in

395 931 642 986 animam
692 930 982 990 viventem,
1037 925 1097 981 id
1153 930 1261 994 est,
1324 931 1387 982 ut
1431 924 1569 980 dicit

398 1001 618 1068 Glossa,
650 997 826 1054 vitam
880 996 1187 1054 animalem
1242 1000 1343 1052 aut
1393 996 1571 1053 sensi-

393 1071 570 1130 bilem
600 1068 827 1140 corpori
864 1069 1117 1124 dantem.
1150 1066 1386 1136 DiligeS,
1418 1072 1469 1122 et
1497 1084 1568 1122 ex

390 1147 509 1199 tota
538 1146 861 1204 mentetua,
893 1139 953 1195 id
996 1144 1084 1195 est
1131 1155 1198 1194 ex
1237 1143 1358 1195 toto
1396 1138 1567 1194 intel-

392 1213 564 1283 lectu,
604 1210 702 1283 qui
742 1211 915 1267 etiam
944 1214 1205 1266 movetur
1233 1225 1337 1281 per
1366 1209 1569 1266 volun-

395 1288 573 1340 tatem
603 1284 675 1339 ad
705 1281 1134 1339 assentiendum
1157 1280 1250 1336 his
1279 1296 1405 1351 quae
1437 1286 1571 1336 sunt

394 1354 553 1423 fidei,
583 1359 638 1410 et
686 1354 761 1410 ad
804 1353 1198 1410 meditandum
1237 1352 1311 1408 de
1340 1354 1457 1408 Deo
1489 1352 1572 1407 di-

390 1427 568 1494 leet03
601 1431 654 1481 et
681 1441 751 1480 ex
773 1426 1024 1480 omnibus
1052 1424 1265 1479 viribus
1295 1425 1427 1487 tuis,
1457 1423 1567 1492 vel,

390 1514 459 1555 ex
496 1501 617 1553 tota
654 1495 1008 1565 fortitudine,
1049 1511 1151 1552 seu
1199 1494 1410 1551 virtute
1446 1497 1567 1563 tua,

394 1569 548 1641 quod
607 1568 760 1624 idem
798 1573 884 1623 est
917 1585 931 1623 ε
962 1582 1067 1639 per
1104 1566 1255 1637 quod
1298 1569 1570 1621 notantur

398 1640 669 1713 potentiae
718 1639 946 1696 motivae
988 1642 1047 1694 et
1082 1636 1408 1704 executivae,
1441 1654 1568 1708 quae

401 1711 573 1768 etiam
614 1716 914 1767 moventur
963 1725 1066 1781 per
1115 1709 1466 1765 voluntatem
1495 1709 1568 1765 ad

406 1783 759 1855 operandum
801 1799 868 1837 ex
896 1779 1197 1837 dilectione
1228 1779 1486 1848 viriliter,
1513 1784 1570 1835 et

403 1870 518 1910 non
559 1855 815 1909 remisse.
849 1852 955 1908 Ubi
995 1855 1280 1907 Maoeimus
1310 1871 1327 1906 ε
1361 1872 1390 1901 «
1429 1853 1567 1908 Cum

406 1925 513 1980 hac
538 1923 712 1994 igitur
736 1923 1050 1979 intentione
1073 1922 1282 1979 trinam
1298 1923 1371 1978 ad
1390 1925 1567 1978 Deum

402 1995 766 2052 dilectionem
791 1995 878 2051 lex
907 1999 1239 2066 pertractat,
1270 2000 1332 2049 ut
1365 1994 1570 2050 evellat

407 2083 515 2123 nos
557 2084 592 2123 a
630 2065 786 2122 trina
831 2065 1030 2123 mundi
1071 2065 1425 2134 habitudine,
1458 2080 1569 2136 qua

402 2138 707 2211 respicitur
754 2139 829 2195 ad
872 2139 1288 2210 possessioneS‚
1326 2137 1400 2193 ad
1445 2137 1565 2206 glo-

400 2209 545 2266 riam
575 2216 633 2267 et
662 2211 734 2266 ad
775 2210 1115 2282 voluptateS‚
1146 2209 1207 2264 in
1249 2224 1365 2279 qua
1395 2208 1570 2264 etiam

397 2284 651 2338 tentatus
708 2287 795 2336 est
849 2281 1129 2348 Christus,
1171 2299 1201 2333 »
1249 2278 1566 2350 Sequitur:

397 2355 472 2407 Et
503 2355 823 2422 proaeimum
872 2358 1048 2415 tuum,
1088 2351 1148 2406 id
1196 2355 1281 2407 est
1337 2366 1569 2406 omnem

397 2420 710 2490 hominem,
746 2425 889 2477 sicut
945 2425 1200 2493 teipsum,
1253 2419 1313 2476 id
1366 2427 1453 2476 est
1500 2438 1567 2477 eo

400 2493 609 2549 affectu
662 2509 773 2565 quo
825 2491 1098 2565 teipsum3
1139 2492 1250 2561 vel,
1288 2492 1362 2548 ad
1416 2493 1568 2563 quod

400 2564 668 2636 teipsum,
704 2564 920 2620 scilicet
952 2565 1026 2620 ad
1066 2563 1308 2634 gratiam
1337 2563 1395 2619 in
1421 2580 1569 2635 prae-

404 2636 552 2692 senti
577 2642 634 2692 et
661 2636 903 2706 gloriam
936 2635 998 2692 in
1033 2635 1245 2692 futuro.
1280 2635 1384 2692 Ubi
1412 2639 1567 2691 Basi-

402 2709 513 2764 lius
543 2727 560 2763 ε
598 2731 622 2757 u
658 2710 754 2763 Est
785 2707 962 2778 igitur
1001 2707 1253 2778 primum
1284 2711 1341 2762 et
1372 2706 1569 2778 praeci-

400 2793 576 2850 puum
615 2780 948 2835 mandatum
980 2778 1186 2834 divinae
1213 2777 1563 2848 dilectionis3

395 2852 709 2906 secundum
739 2855 930 2907 autem
967 2848 1137 2921 primi
1168 2848 1568 2921 completivum

397 2925 456 2979 et
487 2923 562 2979 ab
590 2939 657 2979 eo
696 2921 1062 2995 completum,
1090 2937 1201 2992 quo
1238 2937 1565 2978 commone-

396 3008 529 3049 mur
582 2993 819 3064 diligere
869 2993 1213 3065 proximum.
1262 3014 1291 3043 »
1349 2993 1455 3049 Ubi
1511 2997 1570 3049 et

399 3064 818 3134 Chrysostomm
859 3083 872 3122 ε
909 3087 939 3117 «
979 3068 1059 3121 Tu
1104 3070 1296 3121 autem
1336 3065 1566 3121 attende

397 3136 1569 3279 ἓὲῗιῆξὲθὲὦῗξ,ξὲἒρὲἓεὲἓῐᾶιῗὲθῧῗιῗὲζ

396 3275 551 3355 enim
581 3275 684 3344 ai't,
714 3294 786 3332 em
831 3283 942 3334 toto
973 3280 1132 3334 corde
1171 3284 1263 3334 tuo
1286 3320 1300 3346 ‚
1339 3279 1409 3334 de
1439 3296 1567 3349 pro-

337 3407 344 3414 ·
394 3361 567 3415 xlm0‚
599 3351 742 3403 sicut
771 3352 1026 3419 teipsum.
1061 3350 1222 3417 Quod
1249 3350 1298 3406 si
1319 3349 1566 3419 diligen-

393 3418 484 3472 ter
530 3417 951 3487 observaretur,
978 3436 1083 3477 nec
1141 3437 1338 3477 servus
1391 3426 1559 3490 esset,

392 3497 501 3569 nec
527 3487 693 3559 liber,
725 3506 830 3546 nec
857 3490 1067 3561 victor,
1093 3507 1200 3547 nec
1228 3492 1430 3560 victuS,
1457 3509 1563 3549 nec

392 3558 573 3629 dives,
627 3578 733 3617 nec
783 3576 1030 3633 pauper;
1082 3579 1188 3619 nec
1233 3571 1402 3620 notus
1444 3580 1563 3620 um-

392 3645 564 3702 quam
615 3637 768 3690 esset
821 3627 1103 3691 diabolus,
1156 3635 1351 3691 Potius
1409 3635 1560 3691 enim

392 3703 576 3775 paleae
630 3704 779 3775 ignis
846 3704 1197 3762 sustinerent
1257 3706 1561 3762 immissio-

391 3789 547 3847 nem,
577 3793 748 3849 quam
776 3776 1059 3834 fervorem
1083 3777 1338 3834 caritatis
1365 3778 1560 3834 diabo-

395 3844 507 3917 lus,
552 3850 698 3906 adeo
745 3854 946 3905 cuncta
977 3854 1208 3921 mperat
1237 3848 1560 3906 dilectionis

388 3921 726 3978 constantia.
763 3940 791 3974 »
824 3923 982 3978 Unde
1010 3922 1183 3978 etiam
1216 3922 1512 3991 Greqorius
1534 3940 1552 3976 ε

391 4009 422 4044 ιι
458 3993 596 4049 Cum
634 4000 827 4050 autem
879 3992 1101 4051 dicatur
1134 3995 1388 4063 :Diliqes
1426 4009 1558 4063 pro-

390 4065 604 4119 ximum
635 4070 789 4120 tuum
814 4069 960 4121 sicut
984 4069 1241 4136 teipsum,
1270 4064 1557 4136 quomodo

389 4133 554 4213 alteri
584 4136 910 4192 miserendo
941 4137 1072 4208 pius
1099 4141 1205 4201 est,
1241 4136 1337 4207 qui
1370 4136 1559 4192 adhuc

389 4206 605 4285 Jnjuste
656 4208 893 4274 vivendo
939 4209 1006 4262 fit
1051 4207 1261 4279 impius
1300 4206 1558 4264 sibimet-

385 4276 496 4357 ξρεί
520 4277 550 4333 ⁶?
577 4299 605 4328 υ
634 4280 713 4338 De
751 4280 859 4334 hac
895 4278 1137 4334 materia
1173 4279 1353 4336 habes
1389 4278 1560 4334 latius

387 4348 557 4420 infra,
593 4348 813 4432 scilicet
847 4347 995 4407 teria
1030 4348 1203 4406 tertia
1250 4354 1381 4421 post
1426 4350 1557 4407 Pal-

1678 511 1822 553 mas.
1849 497 2121 565 Dixitque
2138 495 2230 550 illi
2248 492 2527 553 Dominus
2554 512 2569 552 t
2595 501 2758 556 Recte
2776 516 2858 557 re-

1675 567 1955 639 spondisti
1964 586 1983 634 ,-
2020 568 2118 621 hoc
2153 568 2267 634 fac,
2321 565 2538 624 scilicet
2580 571 2764 627 Deum
2801 577 2860 630 et

1679 636 1999 711 proximum
2034 635 2362 708 diligend03
2402 643 2459 695 et
2500 640 2628 697 ideo
2666 642 2807 699 dicit
2839 659 2854 700 ε

1682 714 1808 778 Fac,
1846 708 1981 790 quia
2014 725 2133 764 non
2177 709 2392 765 sufficit
2437 710 2700 784 diligere,
2741 712 2857 772 nisl

1680 780 1910 837 dilectio
1940 780 2367 836 demonstretur
2394 779 2454 837 in
2484 798 2694 853 opere3
2725 801 2856 857 pro-

1678 850 1837 909 batio
1898 850 2051 907 enim
2108 850 2432 909 dilectionis
2465 854 2738 913 exhibitio
2767 860 2857 913 est

1681 922 1902 996 operis;
1944 926 1998 978 et
2029 924 2200 988 vives,
2239 921 2455 980 scilicet
2494 924 2611 982 vita
2642 943 2854 1008 perpe-

1681 1001 1780 1051 tua
1812 1012 1825 1050 :
1859 995 1984 1050 haec
2031 997 2121 1050 est
2164 993 2320 1051 enim
2360 997 2727 1054 excellentior
2760 1000 2854 1056 via

1680 1064 1853 1123 eundi
1901 1065 1976 1122 ad
2019 1064 2195 1121 vitam
2225 1070 2517 1122 aeternam.
2560 1068 2734 1135 Quasi
2767 1068 2854 1125 di-

1680 1142 1836 1194 ceret
1867 1154 1881 1192 :
1931 1139 2064 1193 Haec
2108 1136 2272 1206 dicis,
2301 1138 2401 1194 sed
2438 1154 2555 1195 non
2583 1139 2761 1209 sacis3
2790 1145 2850 1197 et

1678 1208 1812 1265 ideo
1843 1208 1916 1264 ad
1943 1207 2118 1263 vitam
2156 1224 2273 1263 non
2309 1208 2487 1265 vadis.

1751 1285 1786 1348 4
1818 1281 2113 1336 PARABOLA
2141 1281 2469 1336 Summum
2500 1299 2514 1337 ε
2550 1299 2723 1339 emus
2745 1300 2848 1340 m]-

1680 1369 1869 1408 mnu
1893 1370 1996 1407 ren
2021 1368 2292 1407 vmronnu
2316 1369 2641 1410 menam-un.
2657 1385 2726 1396 —-
2745 1356 2849 1411 Ille

1681 1428 1866 1479 autem
1911 1425 2096 1478 volens
2143 1424 2455 1494 ‚iustificare
2501 1429 2761 1494 seipsum,
2789 1425 2851 1482 id

1681 1500 1769 1551 est
1795 1496 2012 1566 justum
2040 1494 2346 1551 ostendere
2388 1497 2700 1552 secundum
2749 1512 2850 1568 ap-

1681 1565 2024 1637 parentiam,
2061 1570 2270 1636 putans
2314 1582 2373 1622 se
2419 1582 2544 1623 esse
2577 1576 2707 1624 ante
2746 1570 2852 1624 ho-

1680 1639 1889 1692 minem
1921 1635 2017 1707 qui
2055 1642 2277 1691 tantum
2311 1636 2464 1702 videt
2502 1639 2766 1708 exteriuS,
2797 1642 2856 1696 et

1680 1724 1799 1763 non
1829 1711 1960 1763 ante
2002 1708 2179 1761 Deum
2234 1706 2330 1776 qui
2384 1706 2539 1764 videt
2584 1709 2850 1780 interius,

1679 1780 1833 1834 dimit
1888 1778 1965 1832 ad
2020 1780 2204 1831 Iesum
2236 1797 2253 1832 :
2280 1780 2353 1832 Et
2399 1782 2524 1845 quis
2569 1785 2649 1834 est
2698 1796 2852 1836 meus

1673 1851 2012 1921 proximus?
2043 1850 2106 1903 In
2136 1863 2247 1918 quo
2297 1864 2332 1903 a
2369 1848 2675 1906 dilectione
2714 1867 2852 1922 pro-

1677 1920 1812 1976 ximi
1849 1934 2089 1976 vacuum
2138 1935 2199 1974 se
2237 1920 2505 1988 ostendit,
2541 1920 2676 1992 quia
2714 1937 2852 1993 pro-

1680 1992 1892 2048 ximum
1943 2006 2059 2045 non
2098 1989 2274 2045 novit.
2323 1991 2581 2047 Forsitan
2612 1994 2854 2063 putabat

1682 2062 1833 2135 quod
1890 2060 2147 2118 Christus
2192 2060 2451 2117 diceret:
2491 2064 2725 2120 Judaeus
2766 2068 2854 2121 est

1679 2133 1968 2206 proximus
1997 2137 2151 2200 tuuS,
2174 2137 2230 2188 et
2267 2137 2403 2188 tunc
2431 2136 2805 2206 responderet
2832 2153 2847 2190 t

1682 2208 1859 2262 Deum
1889 2208 1947 2262 et
1972 2204 2235 2261 Judaeum
2263 2204 2458 2275 diligo,
2489 2205 2644 2261 etsic
2674 2222 2848 2277 appa-

1681 2282 1836 2333 reret
1861 2278 2068 2347 justuS.
2102 2277 2420 2345 suspiciens
2458 2281 2640 2331 autem
2666 2280 2846 2342 Iesus,

1680 2348 1741 2404 id
1772 2353 1859 2404 est
1894 2363 2120 2404 sursum
2169 2345 2451 2417 aspiciens
2495 2349 2679 2416 JesuS‚
2714 2363 2847 2419 pro-

1680 2418 1872 2492 posuit
1901 2418 1954 2474 εἰ
1994 2418 2326 2490 parabolam
2369 2420 2441 2474 de
2484 2419 2714 2474 homine
2752 2417 2850 2490 qui

1680 2491 2039 2548 descendens
2068 2490 2141 2547 ab
2178 2490 2492 2546 Jerusalem
2530 2489 2589 2546 in
2622 2489 2849 2548 Jericho

1680 2562 1880 2619 incidit
1907 2562 1965 2618 in
2006 2564 2279 2617 latroneS.
2313 2562 2446 2617 ldeo
2487 2578 2711 2618 sursum
2758 2578 2849 2620 as·-

1679 2636 1853 2706 pexit‚
1877 2632 2011 2704 quia
2031 2633 2101 2689 de
2125 2634 2297 2689 rebus
2321 2633 2543 2703 magnis
2560 2635 2850 2689 locuturus

1682 2710 1826 2773 erat,
1868 2706 2020 2761 unde
2063 2703 2280 2759 scilicet
2316 2704 2629 2760 humanum
2671 2719 2850 2774 genus

1681 2777 2075 2845 descenderat,
2116 2774 2251 2833 dum
2284 2791 2387 2846 per
2422 2781 2715 2846 peccatum
2755 2791 2850 2831 ce-

1680 2848 1837 2904 cidit.
1872 2848 2195 2905 Secundum
2210 2846 2435 2917 aliquos
2461 2852 2547 2902 est
2572 2845 2664 2901 hic
2688 2862 2853 2917 para-

1680 2921 1833 2989 bola,
1865 2919 2173 2982 secundum
2201 2917 2342 2973 alios
2392 2922 2480 2973 est
2521 2935 2614 2974 res
2643 2922 2802 2990 gesta
2832 2934 2847 2972 z

1681 2991 1815 3063 quia
1847 2990 2000 3047 inter
2030 2991 2350 3048 Jerusalem
2390 2994 2447 3046 et
2474 2990 2703 3047 Jericho
2732 2992 2854 3045 erat

1682 3064 1945 3135 quaedam
1976 3062 2243 3130 solitudo,
2279 3060 2372 3118 ubi
2401 3062 2728 3132 frequenter
2753 3061 2853 3117 ho-

1680 3135 1866 3191 mines
1919 3138 2280 3190 transeuntes
2339 3132 2731 3202 spoliabantur
2794 3137 2852 3187 et

1680 3206 2086 3263 occidebantur
2123 3220 2157 3259 a
2186 3203 2505 3259 latronibus
2558 3203 2849 3257 desertum

1678 3276 1821 3333 illud
1874 3273 2346 3331 inhabitantibus.
2405 3275 2569 3326 Discit
2631 3287 2767 3340 ergo
2827 3288 2843 3326 ε

1676 3350 1849 3404 Homo
1881 3347 2111 3417 quidam
2140 3342 2500 3398 descendebat
2526 3343 2596 3396 ab
2621 3345 2847 3398 Jerusa-

1678 3420 1782 3474 lem
1833 3421 1894 3472 in
1953 3417 2188 3472 Ierich.
2256 3411 2596 3481 Allegorice,
2664 3414 2847 3471 Homo

1675 3490 1781 3546 iste
1824 3487 2081 3558 designat
2130 3500 2313 3556 genus
2352 3484 2667 3539 humanum
2700 3500 2714 3538 :
2747 3484 2849 3554 qui

1674 3562 1734 3617 in
1762 3558 1959 3632 primis
1991 3556 2318 3629 parentibus
2355 3554 2738 3611 descendebat
2774 3556 2849 3613 ab

1671 3630 1989 3690 Jerusalem
2012 3645 2137 3711 quae
2172 3631 2314 3683 visio
2340 3628 2496 3697 pacis
2533 3625 2759 3696 dicitur,
2790 3625 2853 3683 id

1673 3709 1757 3760 est
1784 3718 1819 3758 a
1846 3701 2114 3773 paradiso
2143 3704 2202 3757 et
2225 3714 2488 3770 supernae
2515 3714 2582 3754 ac
2604 3696 2854 3755 coelestis

1672 3772 2044 3832 beatitudinis
2076 3788 2216 3844 pace
2254 3776 2310 3826 et
2339 3769 2579 3838 visione,
2607 3769 2666 3824 in
2703 3768 2852 3842 Jeri-

1672 3847 1801 3914 cho,
1832 3862 1961 3917 quae
1994 3847 2128 3900 luna
2157 3844 2567 3913 interpretatur
2588 3847 2645 3897 et
2673 3845 2855 3898 muta-

1670 3917 1952 3976 bilitatem
1987 3915 2293 3987 significat,
2332 3913 2390 3970 id
2445 3917 2532 3969 est
2585 3912 2645 3968 in
2694 3912 2853 3968 defe-

1672 3995 1825 4046 ctum
1861 3993 1919 4044 et
1950 3987 2244 4045 miseriam
2289 3985 2457 4056 hujus
2491 3984 2621 4039 vitae
2666 3987 2850 4038 muta-

1673 4061 1800 4118 bilis
1830 4065 1889 4118 et
1922 4076 2184 4117 erroneae
2220 4076 2234 4113 ε
2266 4058 2402 4128 quia
2430 4073 2464 4111 a
2492 4052 2850 4136 contempla-

1672 4132 1830 4189 tione
1859 4148 2108 4205 superna
2136 4137 2193 4187 et
2237 4129 2353 4185 vita
2381 4126 2641 4199 paclfica,
2677 4138 2850 4204 quam

1673 4207 1731 4260 in
1781 4204 2048 4277 paradiso
2091 4199 2402 4269 habuisset,
2438 4198 2517 4254 ad
2559 4194 2847 4276 mutabili-

1671 4280 1849 4332 tatem
1878 4276 2050 4347 hujus
2073 4271 2257 4331 exsilii
2300 4279 2360 4328 et
2409 4274 2656 4327 terrenae
2679 4281 2847 4324 mise-

1673 4348 1774 4404 riae
1803 4363 1909 4420 per
1940 4347 2169 4419 culpam
2200 4341 2439 4402 corruit.
