3146 5023
570 276 593 295 ⁰
662 314 749 366 DE
805 315 1180 370 cummuni:
1234 316 1646 373 rinitr'nct
1695 319 1823 371 PER
1877 293 2135 371 iterun
2190 318 2464 371 omisst
2747 322 2808 374 23

305 428 458 477 sunt
498 422 633 478 fons
681 422 824 481 honi
874 427 933 487 et
968 423 1131 491 origo
1181 422 1335 477 mali.
1378 422 1510 477 Ideo

309 493 592 549 Salvator
634 503 855 562 noster,
884 508 1017 547 cum
1062 493 1287 549 vidisset
1328 494 1509 549 malas

304 563 663 633 Scribarum
701 562 1109 636 cogitationes»,
1154 579 1226 618 ne
1267 564 1508 620 ulterius

304 636 629 703 prodirent
658 637 715 690 in
748 633 930 705 peJuS‚
972 635 1162 707 statim
1212 636 1508 705 redarguit

303 719 434 774 eoS,
478 707 682 761 dicens
718 723 734 761 :
780 709 849 761 Ut
880 706 1021 774 quid
1056 707 1315 773 coqitatis
1351 709 1505 762 mala

300 777 370 831 in
401 778 678 833 cordibus
728 781 925 831 vestris
951 779 981 831 P
1020 776 1161 831 dans
1210 777 1372 832 nobis
1410 779 1506 833 do-

301 848 591 915 ctrinam,
615 855 678 903 ut
698 864 876 918 quam
903 848 1014 902 cito
1036 848 1504 916 perpenderimus

300 931 421 973 nos
448 921 608 973 mala
646 916 997 990 cogitatione
1024 918 1259 987 pulsari,
1308 922 1502 975 statim

300 989 637 1045 debeamus
656 991 1028 1060 nosmetipsos
1054 989 1497 1060 reprehendere;

298 1062 484 1128 quasi
554 1061 889 1116 dicerentur
941 1060 1500 1129 nobisipsisaeeadem

298 1130 533 1187 Christi
594 1133 774 1188 veiha
831 1146 845 1186 ε
926 1133 997 1188 Ut
1052 1132 1194 1201 quid
1238 1135 1500 1200 coqitatt's

299 1204 475 1258 mala
501 1205 566 1257 in
593 1204 852 1258 cordibus
884 1205 1082 1257 vestris
1127 1205 1156 1256 P
1184 1231 1253 1243 —
1288 1204 1499 1258 Deinde

299 1273 431 1330 hoc
477 1274 653 1329 etiam
698 1275 946 1329 ostendit
981 1273 1234 1328 sanando
1285 1276 1500 1346 paraly-

298 1344 503 1400 ticum
550 1362 653 1414 per
694 1344 999 1413 imperium
1020 1350 1315 1413 tamquam
1369 1359 1498 1414 pro-

301 1417 455 1485 pria
478 1418 709 1481 virtute,
742 1417 897 1486 quod
934 1421 1024 1470 est
1048 1416 1298 1486 ejusdem
1344 1422 1503 1485 pote-

303 1486 515 1554 statis),
582 1489 722 1542 sicut
768 1494 827 1542 et
891 1494 1122 1555 peccata
1192 1486 1497 1542 dimittere.

306 1557 486 1613 Licet
533 1557 686 1613 enim
728 1557 1001 1629 paralysis
1048 1557 1254 1612 virtute
1277 1565 1497 1612 naturae

305 1629 635 1698 aliquando
672 1631 849 1699 possit
886 1627 1096 1696 curari,
1143 1643 1258 1682 non
1305 1635 1496 1682 tamen

302 1699 531 1766 sabim,
588 1717 695 1755 nec
741 1700 821 1754 ita
878 1700 1147 1769 perfecte,
1176 1705 1241 1753 ut
1293 1700 1495 1753 statim

303 1768 492 1827 homo'
519 1771 697 1841 possit
725 1772 932 1826 lectum
960 1770 1018 1826 in
1052 1786 1163 1840 quo
1187 1771 1340 1840 jacet
1363 1785 1493 1837 por-

302 1847 465 1911 tare,
497 1849 565 1898 ut
588 1844 680 1897 hic
706 1842 912 1897 dicitur
936 1842 1149 1897 factum
1169 1857 1309 1895 esse.
1334 1841 1491 1895 Unde

303 1914 663 1983 subiungit:
721 1914 868 1979 Quid
919 1917 1000 1967 est
1047 1913 1299 1979 facilius,
1342 1913 1492 1966 inter

306 1985 435 2039 duo
458 1986 588 2051 ista,
618 1984 853 2052 scilicet,
882 1985 1096 2049 dicere3
1123 1984 1493 2037 Dimittuntur

306 2056 428 2110 tibi
452 2059 680 2124 peccata
704 2060 803 2111 tua
831 2072 846 2124 ;
874 2072 949 2109 an
976 2056 1156 2109 dicere
1189 2072 1201 2110 :
1232 2053 1409 2120 Surae
1440 2058 1493 2109 et

305 2126 548 2181 ambula
580 2144 595 2194 3
641 2128 747 2181 hoc
786 2134 870 2182 est
894 2126 1015 2181 solo
1050 2125 1223 2181 verbo
1260 2124 1488 2179 efficere

306 2201 379 2253 ut
438 2197 800 2252 dimittantur
865 2204 1114 2267 peccata,
1179 2212 1261 2255 an
1312 2195 1486 2251 verbo

307 2266 549 2322 efficere
581 2276 644 2323 ut
723 2267 1027 2339 aralyticus
1055 2274 1250 2337 surgat
1292 2281 1484 2332 sanuS,

305 2343 373 2393 et
400 2339 659 2394 ambulet
685 2284 718 2396 ς
740 2341 908 2405 Quasi
951 2339 1166 2418 dicer-et
1191 2356 1203 2394 :
1241 2338 1307 2417 Si
1329 2336 1488 2392 vobis

304 2409 428 2465 hoc
491 2410 847 2465 manifestius
898 2415 956 2465 et
1002 2424 1183 2479 majus
1236 2408 1484 2471 videtur,

303 2480 733 2538 scilicetsuhita
759 2483 975 2538 curatio
990 2494 1292 2551 corporum
1318 2494 1490 2550 quam

305 2553 687 2624 animarum,
737 2562 793 2608 et
831 2569 1051 2623 possum
1112 2556 1316 2607 horum
1374 2551 1487 2620 pri-

307 2639 497 2687 mum,
535 2640 675 2695 ergo
708 2631 762 2679 et
786 2625 1068 2694 reliquum
1096 2623 1281 2678 facere
1310 2623 1488 2692 :quia

307 2695 551 2765 aequalis
608 2699 902 2766 potestatis
956 2700 1040 2749 est
1078 2702 1398 2763 utrumque,
1430 2700 1485 2748 et

310 2772 624 2835 utrumque
664 2774 747 2821 est
776 2764 1000 2821 virtutis
1033 2766 1290 2820 infinitae.
1328 2764 1484 2819 Unde

312 2851 385 2891 ex
416 2837 525 2890 hoc
548 2838 836 2892 concludit
869 2842 1137 2891 virtutem
1175 2833 1486 2890 divinitatis

311 2921 463 2973 suae,
498 2923 597 2975 per
625 2911 856 2974 factum,
914 2908 1106 2961 dicens
1134 2925 1146 2962 ε
1204 2909 1272 2962 Ut
1303 2911 1485 2960 autem

312 2977 537 3039 sciatis.
567 2981 698 3045 quia
730 2981 908 3033 Filius
943 2979 1178 3032 hominis
1207 2978 1369 3031 habet
1387 2993 1484 3045 po-

317 3050 572 3102 testatem
604 3051 660 3103 in
695 3055 843 3104 terra
880 3049 1200 3103 dimittendi
1231 3053 1480 3117 peccata,

310 3121 451 3174 tunc
478 3121 561 3173 ait
590 3122 899 3189 paralytico
932 3121 1086 3190 quod
1123 3120 1362 3174 verbum
1399 3120 1482 3172 in-

311 3192 642 3259 terponitur
691 3197 763 3247 ab
812 3191 1169 3261 Evangelista
1219 3211 1234 3245 ι
1284 3191 1479 3257 Sua-qe,

307 3261 531 3316 scilicet
581 3278 752 3318 sanus
806 3279 842 3318 a
890 3264 1054 3331 lectO,
1096 3262 1225 3316 tolle
1284 3261 1483 3315 lectum

310 3336 493 3400 tetum,
530 3333 590 3387 in
624 3348 738 3404 quo
782 3335 880 3389 diu
930 3333 1282 3388 decubueras
1320 3331 1483 3385 infir-

307 3405 542 3468 mando,
611 3412 671 3458 ut
733 3405 885 3474 quod
935 3404 1042 3459 fuit
1092 3404 1484 3458 testimonium

307 3472 666 3529 infirmitatis
693 3475 765 3531 sit
794 3474 1051 3545 probatio
1078 3474 1336 3530 sanitatis
1364 3490 1382 3542 3
1434 3477 1487 3527 et

307 3545 452 3599 vade
476 3548 543 3600 in
574 3547 794 3601 domum
820 3551 995 3613 tuam,
1026 3562 1125 3616 per
1158 3551 1213 3599 te
1244 3560 1359 3610 non
1393 3543 1484 3598 in-

306 3614 516 3695 digens
546 3624 606 3670 ut
640 3617 792 3685 prius
843 3620 1135 3686 portitore.
1191 3618 1264 3670 Et
1295 3614 1377 3670 sic
1406 3615 1487 3670 fa-

309 3699 491 3755 mem,
522 3688 668 3743 abiit
689 3691 750 3742 in
770 3689 989 3743 domum
1024 3703 1205 3756 suam,
1231 3689 1489 3755 maqm‘fi·

307 3770 445 3835 cnm
468 3761 660 3826 Deum,
694 3761 791 3829 qui
821 3760 1043 3815 sanavit
1084 3773 1235 3814 eum.
1280 3759 1492 3829 Magna

310 3832 515 3897 virtus,
567 3830 667 3885 ubi
712 3832 834 3886 sine
889 3845 1053 3886 mora
1117 3832 1268 3885 salus
1311 3829 1488 3898 impe-

307 3896 464 3953 rinm
502 3903 830 3970 comitatur,
861 3907 923 3955 ut
965 3915 1135 3957 nemo
1167 3901 1289 3981 ¹jam
1325 3899 1490 3957 dubi-

305 3973 461 4025 taret
520 3986 650 4027 eum
702 3973 1008 4042 paralytico
1054 3972 1329 4027 dimisisse
1353 3987 1486 4040 pec-

304 4045 459 4110 cata,
515 4044 611 4112 qui
662 4045 946 4111 eumdem,
966 4043 1190 4100 sublato
1224 4042 1486 4114 grabato,

302 4110 607 4168 ambulare
639 4117 934 4184 praecepit.

373 4185 412 4238 ὅ
477 4186 878 4241 Mmacunonun
962 4202 1095 4240 ’rans
1173 4202 1352 4242 causa
1430 4202 1489 4240 m

300 4252 564 4312 cumo.
595 4287 659 4298 -
688 4258 848 4313 Unde
876 4261 1083 4313 merito
1114 4256 1215 4329 qui
1246 4259 1491 4314 aderant

1635 428 1928 494 stupentes
1975 429 2031 478 et
2075 421 2370 492 n‘tiranteS,
2420 423 2632 478 relictis
2691 416 2808 481 bla-

1631 495 1925 564 sphemiis,
1965 496 2036 550 ad
2111 494 2341 550 laudem
2401 501 2808 552 convertuntur

1634 572 1806 621 tantae
1858 567 2213 635 majestatis;
2266 570 2496 635 propter
2531 567 2686 635 quod
2711 582 2802 622 se-

1634 638 1872 706 quitur:
1935 638 2193 694 Vident&
2234 641 2417 691 autem
2454 638 2648 701 turbae,
2694 637 2802 692 sci-
2883 642 2890 645 “

1635 707 1769 762 licet
1786 707 2123 771 miraculum
2152 710 2362 763 sactum
2383 708 2441 763 in
2470 708 2801 779 paralytico,

1633 781 1955 848 timuerunt,
2004 780 2315 835 reverendo
2358 786 2416 835 et
2442 779 2798 848 admirando,

1625 854 1683 904 et
1744 852 2191 919 ylorificaverunt
2249 849 2557 920 laudando,
2598 854 2792 919 Deum,

1630 924 1732 989 qm·
1779 922 1932 976 dedit
1962 914 2287 990 potestatem
2340 924 2526 988 talem,
2582 922 2800 978 seilicet
2865 924 2888 941 ¹·

1632 990 1954 1047 dimittendi
2009 999 2350 1061 peccata-et
2400 992 2639 1049 curandi
2674 993 2795 1048 solo
2857 1045 2865 1053 .

1627 1064 1801 1117 verbo
1832 1063 2104 1127 infirmos,
2132 1064 2464 1128 hominibus,
2494 1064 2567 1119 ad
2598 1079 2799 1119 eorum

1623 1134 1858 1201 scilicet,
1920 1135 2162 1191 salutem
2218 1152 2238 1203 ;
2308 1137 2419 1203 vel,
2480 1136 2794 1190 secundum

1625 1203 1894 1271 Glossam‚
1928 1204 2219 1262 hominem
2256 1210 2373 1261 tam
2418 1209 2677 1275 potenter
2703 1205 2796 1260 in-

1624 1279 1712 1328 ter
1737 1276 1993 1332 homines
2023 1281 2375 1347 operantem.
2424 1278 2492 1330 Et
2522 1278 2665 1330 hanc
2694 1289 2791 1342 po-

1623 1350 1893 1402 testatem
1928 1348 2084 1401 dedit
2127 1350 2295 1402 Pater
2338 1347 2560 1401 Christo
2603 1361 2794 1402 causa-

1619 1414 1754 1479 tive,
1826 1418 2154 1481 hominibus
2229 1423 2422 1472 autern
2486 1422 2786 1486 receptive.

1622 1486 1878 1549 Christus
1908 1489 2115 1559 quippe
2142 1488 2325 1544 tribus
2355 1489 2424 1543 de
2472 1488 2650 1543 causis
2679 1487 2790 1542 mi·

1619 1557 1814 1621 racula
1847 1559 2132 1614 faciebat:
2174 1562 2377 1627 primo,
2420 1563 2648 1628 propter
2681 1559 2795 1613 illo·

1616 1644 1743 1682 rum
1791 1632 1944 1685 circa
1973 1646 2115 1700 quos
2148 1631 2268 1685 haec
2298 1630 2540 1687 faciebat
2581 1626 2792 1685 utilita-

1617 1706 1754 1766 tem,
1781 1701 1918 1771 quia
1942 1718 2038 1757 eos
2066 1702 2122 1756 in
2163 1718 2401 1772 corpore
2428 1710 2484 1757 et
2514 1700 2573 1757 in
2594 1700 2785 1754 anima

1616 1773 1892 1835 curabat:
1929 1774 2204 1844 secundO,
2261 1778 2492 1843 propter
2541 1773 2788 1827 aliorum

1613 1848 2061 1913 conversionem,
2120 1847 2254 1914 quia
2306 1845 2469 1899 multi
2532 1844 2787 1897 videntes

1612 1930 1676 1969 ea
1710 1917 1985 1971 miracula
2018 1916 2502 1972 convertebantur
2531 1936 2544 1983 ;
2593 1912 2782 1976 tertio,

1612 1997 1842 2065 propter
1878 1987 1975 2042 Dei
2001 1986 2241 2057 gloriam
2274 1993 2331 2043 et
2361 1989 2677 2042 honorem:
2727 1991 2785 2038 et

1610 2066 1719 2113 ista
1752 2060 1955 2126 triplex
1985 2074 2151 2112 causa
2207 2060 2298 2112 hic
2350 2064 2626 2127 tangitur.
2685 2056 2762 2109 Ex

1610 2128 1718 2183 hoc
1759 2135 1949 2183 tamen
2003 2128 2156 2198 quod
2208 2128 2469 2183 dicitur:
2527 2126 2783 2183 videntes

1609 2205 1792 2255 autem
1824 2200 1997 2253 turbae
2022 2203 2340 2266 timuerunt,
2370 2198 2600 2252 videtur
2626 2196 2780 2266 quod

1611 2286 1716 2325 nec
1751 2272 1822 2326 de
1857 2272 2080 2325 Christo
2118 2271 2342 2340 plenam
2390 2269 2774 2339 cognitionem

1610 2342 1916 2409 habebant,
1940 2341 2074 2413 quia
2101 2358 2303 2411 purum
2320 2342 2610 2396 hominem
2631 2354 2773 2407 esse,

1609 2421 1667 2467 et
1719 2430 1877 2482 posse
1903 2428 1918 2483 ;
1945 2419 2002 2468 et
2029 2414 2173 2469 hanc
2214 2419 2545 2482 potestatem
2584 2428 2618 2466 a
2664 2412 2778 2466 Deo

1608 2486 1936 2541 credebant.
1970 2485 2125 2541 Unde
2156 2485 2349 2542 Glossa
2378 2503 2396 2540 ε
2445 2503 2474 2537 «
2504 2485 2777 2553 Spectant
2855 2551 2864 2560 ·

1608 2564 1934 2627 surgentem
1983 2557 2280 2620 increduli,
2336 2557 2632 2611 imitantur
2684 2553 2781 2608 ab·

1609 2637 1857 2696 euntem,
1918 2624 1980 2682 et‘
2027 2628 2199 2681 divini
2261 2627 2449 2696 operis
2499 2623 2778 2680 miracula

1604 2701 1824 2753 malunt
1853 2699 2052 2754 timere
2098 2714 2267 2778 quain
2312 2700 2545 2753 credere
2581 2713 2596 2766 ;
2643 2709 2776 2751 nam

1603 2773 1650 2824 si
1689 2771 2005 2836 crederent,
2042 2785 2156 2824 non
2186 2773 2474 2836 timerent,
2505 2769 2604 2822 sed
2656 2765 2777 2820 dili·

1603 2845 1805 2908 gerent
1841 2862 1852 2893 :
1886 2842 2136 2905 Perfecta
2168 2843 2323 2894 enim
2372 2842 2581 2893 caritas
2613 2839 2770 2903 foras

1599 2912 1774 2964 mittit
1805 2912 2072 2963 timorem.
2110 2928 2137 2959 »
2393 2957 2418 2982 ,Ρ
2709 2933 2720 2944 ·

1673 2984 1707 3045 4
1729 2978 1843 3033 Con
1865 2993 2192 3032 PARALY‘rico
2211 2992 2444 3030 PECCATA
2468 2989 2773 3043 nemsmu‘r,

1601 3065 1907 3109 PffltJSQUAu
1945 3064 2051 3101 mm
2092 3047 2436 3100 sANAvnnir?
2478 3075 2545 3085 -—
2581 3044 2774 3099 Consi-

1602 3121 1739 3175 dera
1805 3118 1915 3186 hic,
1972 3118 2124 3188 quod
2193 3117 2461 3172 Dominus
2526 3114 2777 3171 curando

1604 3192 1996 3264 paralyticum,
2043 3188 2242 3259 incipit
2292 3205 2326 3244 a
2377 3187 2576 3244 morbo
2606 3186 2772 3256 spiri-

1603 3262 1765 3330 tuali,
1819 3260 1916 3331 qui
1949 3267 2083 3316 erat
2111 3276 2280 3316 causa
2311 3265 2367 3315 et
2396 3261 2553 3314 radix
2584 3257 2769 3315 morbi

1603 3334 2096 3404 corporalis-quia
2147 3334 2329 3403 primo
2380 3332 2598 3386 remisit
2648 3344 2768 3399 pec·

1604 3413 1731 3460 cata
1764 3406 1885 3476 ejus
1911 3421 2038 3475 quae
2076 3403 2309 3459 suerunt
2336 3419 2506 3458 causa
2534 3401 2719 3459 morbi
2744 3417 2765 3471 3

1605 3478 1676 3532 ad
1707 3480 1939 3532 modum
1976 3477 2112 3532 honi
2160 3475 2387 3542 medici,
2423 3475 2538 3544 'qui
2583 3474 2766 3542 primo

1606 3555 1861 3603 removet
1895 3563 2122 3603 causam
2148 3548 2356 3615 morbi,
2379 3552 2435 3600 et
2463 3551 2598 3600 tunc
2630 3547 2773 3620 post-

1607 3623 1838 3684 modum
1866 3620 2106 3674 intendit
2125 3619 2495 3676 curationem.
2522 3615 2774 3690 Infirmi·

1604 3697 1689 3745 tas
1707 3699 1899 3746 autem
1912 3691 2031 3746 haec
2044 3691 2068 3744 f
2069 3696 2228 3745 uerat
2241 3691 2293 3743 in
2303 3691 2335 3742 tl
2345 3691 2454 3742 icta
2466 3685 2772 3755 paralytico

1607 3770 1837 3831 propter
1862 3769 2090 3830 peccata
2112 3776 2234 3827 sua,
2266 3765 2327 3814 ut
2357 3761 2737 3832 purgarentur
2749 3768 2797 3823 3·

1605 3840 1661 3886 et
1691 3833 1819 3887 ideo
1850 3833 2119 3886 Dominus
2146 3832 2325 3900 primo
2364 3830 2604 3885 removit
2637 3839 2775 3880 cau-

1600 3917 1725 3957 sam
1780 3900 1934 3970 quia,
1976 3907 2228 3956 cessante
2262 3916 2450 3970 causa,
2487 3903 2669 3953 cessat
2717 3899 2776 3951 et

1606 3974 1838 4028 etl‘ectus
1864 3969 2219 4026 introductus
2243 3971 2315 4028 ol)
2342 3973 2497 4027 illam
2526 3980 2773 4047 causam,

1606 4043 1771 4098 Nulla
1839 4043 1992 4096 enim
2057 4040 2282 4096 nocebit
2330 4043 2666 4108 adversitaS,
2726 4052 2775 4092 si

1607 4115 1768 4168 nulla
1795 4110 2121 4167 dominetur
2154 4111 2444 4182 iniquitas,
2481 4113 2655 4180 Unde,
2686 4123 2773 4166 se-

1607 4186 1867 4240 cundum·
1888 4184 2158 4250 Glossam,
2187 4185 2436 4253 quinque
2470 4183 2653 4237 modis
2680 4180 2775 4239 in-

1608 4255 1907 4313 firmitates
1933 4254 2310 4326 contingunt:
2365 4254 2472 4320 vel,
2512 4261 2575 4310 ut
2605 4252 2773 4326 justis
