3146 5023
684 351 767 405 D'E
824 350 1327 404 HAEMORancA
1375 352 1459 405 Er
1510 352 2073 407 ncfllsnuuom
2128 356 2327 414 F1L1A.
2670 361 2732 416 31

253 478 293 519 a
321 459 513 527 malis,
548 473 668 513 non
709 457 843 513 ideo
878 456 1096 513 debent
1119 457 1388 514 doeistere
1415 474 1453 515 a

256 534 416 589 bono
446 531 736 587 inchoato.

333 627 371 677 9
418 605 655 668 Damna,
710 616 891 657 com
943 617 1135 657 ramus
1157 616 1451 657 mscipoms

256 691 478 731 nmo!
523 689 771 728 romunt
820 689 1089 728 snscrru.
1136 701 1205 712 --
1231 675 1452 728 Etcum

256 748 434 817 ejecta
474 750 616 799 esset
643 745 828 811 turba,
871 744 1087 799 scilicet
1130 742 1450 798 lamentan-

257 818 429 881 tium,
464 824 523 871 et
556 815 1055 882 tumultuantium,
1093 820 1149 869 et
1186 815 1451 869 deriden-

258 889 432 954 tium,
474 887 573 956 qui
632 892 862 955 propter
909 884 1364 940 incredulitatem
1392 889 1457 939 et

260 959 614 1015 derisionem
661 972 779 1010 non
831 962 995 1011 erant
1047 956 1203 1027 digni
1255 956 1449 1010 videre

256 1029 622 1097 miraculum,
654 1030 890 1082 assumit
908 1031 1123 1097 patrem
1155 1032 1206 1081 et
1222 1032 1453 1082 matrem

255 1102 481 1173 puellae,
511 1115 655 1170 quos
702 1101 760 1152 in
800 1097 911 1152 side
948 1098 1269 1153 confortare
1293 1104 1451 1152 tanto

262 1171 542 1227 miraculo
582 1170 951 1238 disponebat3
984 1174 1036 1223 et
1063 1184 1171 1224 non
1198 1171 1452 1239 permisit

263 1243 480 1297 intrme
527 1256 708 1295 secum
760 1256 1088 1310 quemquam
1116 1240 1309 1307 alium,
1341 1242 1455 1294 nisi

260 1315 485 1369 Petrum
527 1317 580 1367 et
612 1312 873 1366 Jacobum
915 1316 968 1367 et
1001 1314 1284 1381 hannem,
1311 1325 1454 1381 quos

264 1384 592 1454 specialiter
625 1384 826 1437 instrui
866 1382 1113 1438 volebat.
1144 1384 1254 1437 Bos
1300 1382 1452 1437 enim

268 1456 527 1525 quinque
552 1454 728 1508 voluit
748 1453 959 1508 hahere
984 1459 1154 1508 testes
1172 1453 1451 1517 miraculi,

265 1531 336 1580 ut
389 1528 451 1581 in
507 1541 603 1580 ore
656 1525 902 1579 duorum
965 1530 1289 1593 parentum,
1359 1524 1449 1579 vel

264 1597 446 1652 trium
471 1597 889 1665 Apostolorum,
925 1602 1106 1650 staret
1132 1610 1302 1650 omne
1331 1610 1451 1649 ver-

266 1667 430 1724 bum.
459 1670 519 1721 ln
551 1669 657 1722 boc
684 1668 860 1722 etiam
886 1665 1036 1720 iacto
1066 1667 1311 1720 ostendit
1342 1682 1454 1720 no-

268 1738 358 1794 bis
388 1740 681 1805 Dominus,
713 1738 847 1807 quia
875 1737 1219 1806 blasphemis
1245 1743 1302 1792 et
1328 1737 1454 1791 irri-

267 1810 493 1865 soribus
522 1825 640 1864 non
662 1814 796 1864 sunt
823 1807 1131 1864 revelanda
1159 1809 1450 1879 mysteria,

265 1881 365 1937 sed
391 1881 655 1936 fidelibus
693 1881 791 1950 qui
817 1881 1102 1935 honorant
1126 1894 1212 1935 ea.
1244 1880 1335 1947 Et,
1368 1895 1455 1934 se·

267 1953 516 2008 cundum
567 1953 1030 2020 chrysostomum,
1065 1951 1123 2004 in
1162 1949 1271 2004 boc
1298 1949 1450 2021 quod
1508 1966 1513 1969 ·

270 2023 445 2079 turba
473 2022 717 2093 ejicitur,
768 2028 825 2078 et
872 2020 1133 2090 discipuli
1163 2022 1344 2076 solum
1389 2020 1451 2075 in

272 2094 507 2150 domum
541 2096 776 2159 intrant,
821 2100 878 2148 et
914 2109 1099 2163 neque
1139 2092 1199 2147 hi
1227 2108 1449 2161 omneS,

271 2165 461 2220 erudit
484 2181 589 2219 nos
621 2165 885 2235 gloriam.
909 2179 1037 2235 quae
1064 2170 1150 2218 est
1178 2178 1214 2217 a
1233 2164 1447 2233 multiS,

273 2238 510 2292 evitare.
542 2237 704 2291 Unde
730 2240 792 2291 et
821 2236 1150 2306 Theophilus
1187 2252 1207 2289 ε
1241 2255 1272 2285 α
1300 2237 1453 2289 Mor·

274 2313 433 2363 tuam
485 2306 767 2375 suscitans
817 2308 984 2378 ejecit
1031 2322 1255 2375 omneS,
1292 2305 1451 2376 quasi

275 2394 377 2433 nos
417 2379 631 2434 docens
665 2379 877 2448 absque
906 2377 1063 2433 inani
1099 2378 1283 2448 gloria
1308 2392 1450 2447 esse,

274 2455 334 2505 et
371 2449 514 2505 nihil
545 2451 616 2504 ad
650 2450 1198 2505 demonstrationem
1225 2447 1447 2518 facere,

271 2537 386 2577 non
414 2521 570 2576 enim
609 2522 836 2577 humilis
868 2521 1119 2588 Christus
1151 2521 1224 2575 ad
1263 2526 1449 2574 osten-

267 2593 548 2649 tationem
592 2594 815 2648 volebat
870 2592 1082 2662 aliquid
1132 2591 1372 2662 operari.
1419 2609 1450 2640 n

271 2664 587 2719 Praedictos
622 2670 812 2719 autem
839 2670 957 2719 tres
987 2662 1289 2732 discipulos
1321 2667 1451 2717 tan-

277 2740 403 2790 tum
434 2735 695 2803 permisit
722 2736 995 2798 Dominus
1037 2736 1309 2789 interesse
1336 2748 1457 2788 suae

275 2804 787 2874 transfigurationi,
817 2807 957 2861 item
990 2803 1193 2876 agonis
1216 2805 1301 2859 sui
1331 2820 1456 2860 ora-

277 2877 455 2944 tioni,
476 2878 613 2931 item
644 2878 775 2932 huic
814 2876 1170 2932 suscitationi
1198 2894 1221 2929 .·
1246 2875 1456 2945 primo,

277 2954 515 3018 propter
543 2964 741 3003 eorum
780 2949 1152 3020 dignitatem;
1181 2946 1454 3015 secund0‚

271 3024 513 3098 propter
537 3017 869 3089 signandam
907 3018 1198 3074 Trinitatis
1234 3017 1404 3072 fidem
1434 3033 1449 3084 ;

271 3093 469 3156 tertio,
503 3097 737 3159 propter
756 3091 983 3145 testium
1012 3103 1315 3144 numerum
1342 3086 1458 3143 suf-

272 3157 602 3227 ficientem;
650 3168 877 3231 quarto,
921 3165 1152 3231 propter
1199 3159 1452 3214 omnium

271 3236 530 3286 statuum
583 3233 840 3288 Ecclesiae
886 3230 1360 3303 significationem
1399 3233 1454 3284 et

274 3302 832 3360 commendationem
862 3326 876 3361 :
913 3319 1015 3374 per
1038 3306 1268 3358 Petrum
1299 3301 1452 3356 enim

273 3372 374 3443 qui
400 3389 636 3430 uxorem
660 3377 878 3444 habuit,
909 3373 1303 3446 significantur
1329 3387 1455 3427 con·

267 3442 491 3515 jugati;
547 3461 647 3514 per
690 3448 966 3503 Joannem
1013 3445 1107 3516 qui
1133 3443 1295 3514 virgo
1326 3442 1451 3509 fuit,

276 3515 576 3585 virgines;
612 3533 713 3587 per
739 3517 1014 3576 ‚Iacobum
1071 3514 1170 3587 qui
1207 3515 1458 3570 nescitur

278 3583 447 3656 virgo
472 3585 664 3656 fuisse,
694 3589 782 3644 vel
808 3603 1039 3644 uxorem
1064 3586 1348 3653 habuisse,
1377 3585 1460 3638 vi-

281 3654 473 3711 dualis
501 3664 698 3716 status.
751 3662 977 3716 Patrem
1020 3663 1212 3714 autem
1248 3662 1305 3712 et
1333 3670 1455 3711 ma-

275 3730 430 3781 trem
458 3728 660 3797 puellae
691 3729 947 3800 permisit
970 3730 1203 3795 intrare,
1229 3732 1460 3797 propter

278 3811 483 3853 eorum
518 3801 993 3857 testificationem.
1020 3802 1095 3856 Et
1131 3803 1319 3855 tenens
1341 3812 1461 3852 ma-

277 3882 418 3922 num
467 3873 689 3943 puellae,
721 3876 805 3929 ait
843 3874 936 3927 illi
968 3889 983 3927 ε
1020 3870 1243 3927 Talitha
1296 3870 1463 3935 cumi,

282 3942 443 4069 3:26
496 3949 577 3998 est
618 3947 1038 4015 interpretatum
1069 3961 1086 3998 ε
1114 3941 1331 4009 Puella,
1361 3939 1473 3994 tibi

337 4011 351 4022 '
420 4055 436 4084 ,
495 4028 677 4084 surae.
736 4017 844 4070 Per
904 4017 1118 4069 tactum
1172 4018 1229 4068 et
1267 4023 1467 4066 vocem

286 4095 421 4139 eam
452 4087 714 4156 curabat,
748 4092 809 4141 ut
835 4084 1160 4141 ostenderet
1182 4082 1334 4154 quod
1364 4081 1466 4161 liu·

283 4155 543 4232 manitas
563 4161 713 4213 esset
733 4157 1173 4212 instrumentum
1203 4151 1471 4210 divinita-

283 4226 366 4282 ns
419 4226 700 4283 miracula
746 4227 1029 4284 facientis.
1056 4224 1237 4295 Unde,
1268 4236 1468 4279 secun-

282 4291 430 4355 dum
461 4297 923 4371 chrysostomum,
951 4311 1153 4355 manus
1174 4295 1306 4356 Jesn
1328 4292 1472 4349 vivi-

1566 460 1794 515 ficativa
1846 460 2086 517 existens
2159 469 2448 519 mortuum
2531 481 2739 536 corpus

1562 530 1837 597 vivifican
1865 547 1968 587 vox
1987 539 2177 591 autem
2198 536 2484 604 jacentem
2506 538 2739 597 excitat.

1560 605 1634 658 Et
1663 604 1948 668 confestim
1995 608 2246 660 amarit
2287 608 2500 676 puello,
2527 613 2580 662 et
2615 623 2740 664 am-

1564 673 1833 730 bulabat:
1876 674 2009 744 quia
2051 676 2210 731 nulla
2239 692 2398 731 mora
2443 679 2592 732 inter
2616 695 2743 735 ver-

1563 745 1700 798 bum
1728 745 1850 814 ejus
1874 752 1934 800 et
1961 744 2170 802 sactum
2197 754 2340 804 erat.
2374 749 2476 804 Ubi
2502 751 2741 819 chryso-

1563 820 1772 870 stomus
1815 832 1835 870 ε
1878 837 1906 865 ι
1951 817 2016 871 ln
2042 818 2424 874 ambulatione
2458 822 2584 890 ejus
2621 835 2742 878 non

1563 886 1747 942 solum
1767 886 2057 967 suscitata,
2084 889 2183 944 sed
2212 894 2270 945 et
2299 891 2542 970 perfecte
2575 907 2743 948 sana-

1564 964 1622 1012 ta
1677 958 2014 1015 ostenditur.
2072 978 2102 1012 i)
2156 962 2230 1015 Et
2275 965 2449 1028 jussit
2495 964 2586 1017 illi
2608 965 2741 1019 dari

1563 1029 1918 1098 munducare,
1952 1029 2025 1084 ad
2055 1029 2555 1088 demonstrandum
2587 1034 2743 1104 quod
2815 1053 2822 1061 ·

1562 1114 1691 1154 eam
1711 1115 1842 1155 vere
1863 1101 2169 1169 suscitavit,
2184 1107 2240 1156 et
2263 1108 2324 1157 ut
2352 1118 2460 1157 non
2484 1103 2741 1161 videatur

1563 1171 1899 1240 phantasma
1922 1187 2062 1239 esse,
2104 1173 2254 1241 quod
2289 1172 2500 1227 factum
2528 1181 2634 1230 est.

1642 1263 1704 1296 ιο
1733 1242 1868 1307 Qum
1887 1258 1941 1295 m
1962 1259 2128 1298 seusu
2149 1260 2369 1297 mss-nco
2386 1261 2590 1300 roenna
2609 1262 2744 1302 uon·-

1565 1328 1693 1377 TUA,
1710 1328 1993 1379 TmlmNEs,
2005 1330 2181 1368 TURBA
2195 1332 2570 1381 TUMULTUANS,
2588 1334 2744 1371 DISCI-

1569 1398 1803 1443 rumoun
1859 1400 2024 1438 nnius
2080 1402 2330 1439 umAcum
2383 1388 2617 1441 ‘ri-:sres‘i
2672 1416 2744 1429 -

1570 1455 1821 1523 mystice,
1853 1453 2043 1523 puella
2069 1452 2131 1509 in
2164 1455 2331 1509 domo
2368 1462 2615 1526 mortua,
2660 1461 2748 1513 est

1570 1526 1766 1579 anima
1800 1531 2026 1580 mortua
2079 1541 2181 1594 per
2209 1533 2499 1595 peccatum
2548 1531 2607 1582 in
2635 1542 2745 1584 ‘co-

1569 1595 1868 1665 gitatione.
1897 1595 2045 1651 Dicit
2068 1603 2261 1652 autem
2287 1597 2747 1668 DominuS‚quod

1569 1667 1758 1734 puella
1810 1666 2042 1737 dormit,
2088 1668 2223 1738 quia
2269 1668 2365 1737 qui
2423 1676 2657 1736 peccant
2687 1668 2749 1725 in

1566 1736 1853 1807 praesenti,
1879 1740 2067 1794 adhuc
2104 1756 2204 1811 per
2237 1738 2625 1809 poeniteniiam
2659 1756 2747 1795 re-

1565 1809 1827 1865 suscitari
1858 1816 2107 1880 possunt.
2149 1810 2430 1865 Tibicines
2466 1819 2596 1865 sunt
2626 1812 2747 1867 dae-

1568 1894 1761 1935 mones
1787 1888 2176 1962 suggerente5‚
2206 1881 2291 1937 vel
2322 1881 2578 1937 homines
2606 1884 2746 1939 adu·

1564 1947 1794 2031 latoreS,
1825 1967 1924 2022 qui
1936 1952 2131 2009 fovent
2148 1959 2451 2022 mortuam,
2477 1960 2536 2008 et
2551 1960 2750 2010 tenent

1564 2026 1659 2078 hic
1685 2038 1890 2090 corpus
1915 2024 1975 2078 in
2007 2025 2195 2079 carnis
2225 2024 2473 2078 laescivia
2519 2029 2576 2078 et
2601 2025 2749 2081 sola·

1563 2093 1678 2161 tiis,
1712 2108 1844 2163 quae
1871 2094 2111 2149 faciliter
2137 2095 2517 2149 terminantur
2548 2095 2618 2149 ad
2663 2096 2750 2151 lu·

1566 2170 1720 2220 ctum
1749 2163 1955 2219 inferni
1997 2171 2058 2220 et
2095 2164 2475 2221 desolationis,
2511 2165 2618 2220 Sed
2649 2181 2753 2222 nos

1566 2237 1642 2292 ad
1661 2235 1906 2305 patriam
1931 2237 2255 2305 tendentes,
2276 2236 2598 2291 mortiferos
2619 2238 2755 2293 sire-

1567 2322 1778 2362 narum
1832 2313 2036 2364 cantus
2081 2308 2264 2364 surda
2318 2323 2456 2363 aure
2512 2316 2752 2377 praeter·

1568 2394 1790 2434 eamus·
1826 2379 1985 2435 Unde
2037 2380 2260 2451 Ulysses
2309 2377 2445 2434 iecit
2475 2395 2535 2435 se
2588 2379 2756 2450 ligari

1570 2450 1630 2503 in
1663 2450 1813 2505 malo
1843 2451 2022 2519 naviS,
2055 2455 2112 2506 et
2150 2467 2316 2507 aures
2355 2467 2485 2507 suas
2514 2452 2750 2506 obtura·
2818 2451 2822 2455 “

1570 2521 1668 2589 vit,
1702 2538 1773 2576 ne
1820 2522 2089 2593 deceptus
2133 2523 2449 2578 sirenarum
2493 2522 2756 2578 cantibus

1569 2593 1630 2647 in
1661 2607 1815 2647 mare
1838 2595 2092 2648 saltaret.
2121 2595 2323 2649 Turbae
2349 2595 2756 2648 tumultuantes

1569 2669 1706 2718 sunt
1739 2662 2088 2734 affectioneS,
2121 2665 2210 2719 vel
2254 2664 2421 2720 amici
2465 2664 2752 2733 carnales;

1570 2734 1852 2790 derisores
1892 2739 2026 2791 sunt
2064 2736 2367 2804 seculares,
2421 2736 2510 2790 vel
2573 2736 2756 2790 detra-

1571 2810 1777 2863 ctores.
1808 2807 2000 2862 Turba
2044 2822 2181 2878 ergo
2229 2806 2374 2862 foris
2420 2807 2668 2887 ejicitur,
2697 2811 2761 2860 ut

1571 2875 1759 2944 puella
1812 2878 2114 2932 suscitetur
2137 2918 2154 2944 ,
2198 2876 2331 2947 quia
2374 2892 2566 2930 amma
2607 2877 2760 2931 intus

1568 2950 1772 3017 jacens
1797 2950 2021 3001 mortua
2046 2961 2162 3000 non
2191 2946 2462 3014 resurgit,
2486 2943 2590 2998 nisi
2608 2943 2761 3011 prius

1572 3014 1914 3072 affectiones
1935 3015 2196 3070 carnales
2218 3020 2276 3070 et
2300 3030 2452 3069 curae
2476 3015 2761 3070 seculares

1578 3088 1650 3143 de
1680 3086 1852 3142 corde
1883 3085 2236 3158 expellantur
2263 3102 2280 3142 z
2313 3086 2436 3140 haec
2463 3086 2614 3140 enim
2635 3086 2760 3143 im·

1578 3157 1840 3229 pediunt,
1862 3173 1937 3214 ne
1977 3157 2103 3229 quis
2138 3158 2209 3214 ad
2244 3157 2761 3216 considerationem

1577 3245 1695 3285 suae
1724 3228 1921 3285 salutis
1949 3244 2011 3285 se
2038 3230 2286 3302 colligat.
2320 3230 2604 3286 Tibicines
2626 3227 2759 3302 ejici

1580 3301 1809 3370 debent,
1844 3301 1940 3372 qui
1964 3307 2080 3357 tam
2122 3318 2256 3358 uam
2287 3303 2541 3373 magistri
2571 3303 2630 3357 in
2661 3317 2754 3357 er-

1578 3387 1769 3427 rorem
1809 3370 2058 3429 animam
2128 3374 2431 3430 emulcent.
2466 3374 2758 3430 Derisores

1579 3457 1690 3513 quo
1735 3459 1804 3499 ue
1847 3444 2111 3515 ejiciendi
2154 3451 2307 3514 sunt,
2339 3446 2472 3517 quia
2499 3450 2757 3500 contem-

1578 3529 1692 3569 nen
1732 3514 1751 3569 i
1777 3518 1835 3571 et
1863 3514 2098 3572 minime
2117 3517 2374 3574 curandi.
2401 3519 2469 3571 Et
2497 3519 2630 3570 tunc
2655 3530 2758 3584 pu·

1573 3585 1684 3640 ella
1706 3585 2028 3656 suscitatur,
2051 3589 2278 3657 quando
2315 3587 2544 3642 domum
2568 3584 2757 3639 cordis

1575 3654 1828 3713 Christus
1842 3657 2161 3730 ingreditur
2176 3654 2758 3714 ducenssecumJoan·

1575 3741 1708 3782 nem
1723 3727 1782 3782 id
1813 3733 1924 3798 est,
1943 3731 2205 3796 qratiam,
2222 3731 2448 3783 Petrum
2465 3724 2523 3778 id
2539 3727 2624 3778 est
2643 3737 2758 3790 coq-

1577 3800 1870 3868 m'tionem3
1909 3802 1966 3852 et
1987 3799 2257 3853 ,Iacobum
2293 3795 2353 3851 id
2366 3799 2468 3859 est,
2496 3794 2758 3873 supplan-

1582 3869 1847 3922 tationem
1876 3867 2166 3924 vitiorum.
2200 3867 2305 3933 Qui
2330 3879 2514 3919 veroa
2535 3868 2759 3932 spiritu-

1581 3936 1663 3992 ali
1681 3941 1886 4004 morte,
1903 3936 2122 3992 scilicet
2144 3953 2179 3992 a
2201 3933 2371 4002 vitiis,
2386 3935 2761 3990 resuscitatus

1583 4005 1780 4076 fuerit,
1808 4021 1924 4062 non
1937 4006 2120 4062 solum
2136 4022 2171 4061 a
2193 4006 2456 4060 sordibus
2481 4005 2759 4059 scelerum

1584 4092 1908 4148 exsurgere,
1942 4076 2043 4131 sed
2088 4076 2259 4132 etiam
2283 4076 2342 4131 in
2369 4075 2531 4131 bonis
2556 4074 2759 4131 ambu-

1584 4148 1704 4204 lare
1742 4151 1800 4204 et
1829 4145 2103 4220 proficere
2129 4146 2342 4217 debet3·
2377 4151 2438 4202 et
2481 4160 2610 4202 mox
2648 4161 2759 4203 coe·

1585 4217 1715 4274 lesti
1737 4234 1906 4291 pane,
1941 4219 2162 4276 scilicet
2185 4219 2358 4286 verbo
2394 4218 2518 4290 Dei,
2564 4221 2622 4274 et
2667 4233 2766 4275 sa-
2821 4254 2826 4258 -

1589 4294 1886 4349 eramento
1909 4290 2106 4350 altaris
2144 4289 2338 4348 satiari
2389 4304 2622 4347 necesse
2657 4288 2759 4346 ha·
