3146 5023
552 398 634 451 DE
688 396 1060 451 Ammon
1113 398 1194 451 ΕΤ
1245 396 1644 457 QUIBUSDAM
1695 401 1877 454 ALIIS
1933 402 2363 460 DEFECTIBUS.

234 506 505 583 quiescit3
538 504 639 563 sed
664 504 752 560 vel
778 504 1078 573 honorem,
1098 519 1267 576 quem
1290 519 1408 560 non

232 581 408 638 habet
447 576 679 651 appetit,
724 576 813 633 vel
856 590 991 633 eum
1028 590 1199 657 quem
1236 576 1408 632 habet

234 650 496 709 amittere
535 647 758 714 metuit;
802 652 860 703 et
895 649 976 703 sic
1009 646 1271 704 diabolus
1309 661 1409 703 cor

235 724 358 796 ojus
377 736 605 792 semper
622 721 812 775 movet
839 721 898 774 et
916 721 1089 786 rotat,
1116 724 1407 791 tamquam

232 793 622 853 molendinum
655 790 807 861 quod
836 805 1152 861 numquam
1184 793 1407 861 pausat.

307 884 336 921 2
357 865 572 920 Pnumu
586 879 769 917 uum
779 878 1060 923 amman
1075 870 1403 917 paramum:

231 952 499 992 umerus
532 949 869 990 vocxnomS.
902 964 970 975 —
999 933 1067 989 Et
1095 937 1229 988 nota
1257 932 1409 989 circa

230 1007 383 1064 hanc
425 1005 744 1073 materiam,
790 1005 942 1075 quod
987 1007 1199 1074 praeter
1239 1003 1409 1059 simo-

231 1076 389 1137 niam
436 1082 494 1134 et
538 1077 651 1132 alia
694 1075 865 1145 mala,
907 1090 1035 1146 quae
1077 1074 1410 1143 frequenter

231 1165 352 1210 non
388 1148 511 1205 sine
542 1146 700 1219 gravi
737 1146 1005 1203 scandalo
1035 1145 1405 1203 committun-

230 1224 348 1288 tur,
372 1223 503 1275 sunt
522 1219 706 1275 adhuc
724 1217 984 1290 quaedam
1009 1217 1179 1285 mala,
1204 1216 1410 1288 quibus

232 1291 402 1347 hodie
434 1291 618 1358 multi,
649 1289 813 1359 quasi
836 1304 954 1345 non
979 1288 1152 1357 mala,
1172 1288 1272 1344 sed
1292 1286 1411 1343 lici-

231 1367 294 1419 ta
332 1370 541 1429 essent,
571 1359 957 1431 implicantur.
1001 1358 1256 1415 Primum
1289 1374 1410 1414 ma-

232 1432 355 1490 lum
385 1436 493 1499 est,
525 1432 659 1501 quia
681 1430 941 1501 plerique
970 1433 1277 1499 antequam
1307 1445 1409 1485 vo-

236 1509 458 1571 centur,
478 1500 800 1574 promoveri
816 1501 889 1557 ad
914 1499 1219 1572 dignitates
1238 1504 1294 1556 et
1315 1515 1413 1556 cu-

233 1588 330 1631 ras
358 1572 793 1641 ecclesiasticas,
818 1587 923 1643 per
949 1587 1030 1640 se,
1057 1576 1114 1627 et
1138 1588 1241 1643 per
1270 1570 1414 1628 alios

235 1644 478 1701 sollicite
494 1648 786 1715 quaerunt;
806 1660 909 1699 nec
926 1642 1278 1699 vocationem
1305 1643 1414 1699 hu-

135 1722 156 1737 ·
233 1714 447 1772 militer
465 1719 810 1786 exspectant,
829 1715 930 1771 sed
952 1712 1249 1771 ambitiose
1270 1730 1415 1786 prae*

234 1786 491 1842 veniunt.
534 1786 601 1842 Hi
642 1786 789 1842 male
828 1786 1124 1855 accedunt,
1164 1788 1416 1841 testante

232 1858 524 1929 Apostolo,
557 1858 653 1928 qui
692 1856 774 1913 sic
808 1856 889 1913 ait
916 1875 931 1914 t
966 1860 1080 1917 Nec
1114 1860 1412 1928 quisquam

231 1932 401 1985 sumit
428 1930 540 1984 sibi
571 1932 853 1997 honorem3
876 1928 973 1984 sed
1002 1930 1103 1999 qm·
1130 1934 1411 1985 vocatura

233 2002 362 2065 Deo,
399 2005 684 2070 tamquam
717 2000 928 2056 Aaron.
967 2001 1413 2066 Quantumcum-

233 2085 346 2143 que
374 2071 525 2126 enim
553 2070 845 2127 sufficiens
868 2069 995 2143 quis
1019 2070 1190 2127 fuerit
1217 2074 1275 2127 et
1301 2072 1413 2125 vir·

231 2145 450 2209 tuosus,
487 2142 742 2213 profecto
787 2158 904 2198 non
943 2140 1054 2199 erit
1099 2141 1323 2213 dignuS,
1363 2139 1411 2196 si

233 2222 352 2269 non
374 2218 699 2269 assumatur
719 2212 940 2269 invitus.
963 2216 1103 2269 Nam
1128 2228 1255 2270 cum
1285 2210 1413 2284 quis

232 2283 467 2341 honoris
497 2284 803 2355 primatum
831 2284 1030 2354 ambit,
1059 2301 1125 2341 ex
1149 2285 1260 2341 hoc
1288 2284 1411 2339 solo

235 2355 481 2412 efficitur
505 2356 794 2429 indignuS,
821 2356 957 2428 quia
984 2357 1232 2414 indebite
1261 2371 1412 2428 prae-

233 2426 423 2483 sumit.
449 2428 604 2483 Unde
630 2430 1017 2498 Anqustinus:
1046 2450 1075 2479 «
1102 2432 1292 2487 Status
1315 2443 1411 2483 su-

275 2501 446 2567 erior,
480 2500 599 2555 sine
629 2517 739 2572 quo
770 2499 1087 2572 respublica
1115 2518 1231 2557 non
1264 2497 1413 2570 regi-

299 2586 349 2638 r,
382 2571 488 2625 etsi
515 2572 657 2627 bene
679 2571 1124 2642 administretur,
1149 2572 1416 2640 indecen-

233 2643 324 2697 ter
358 2644 554 2698 tamen
592 2642 896 2723 appetitur.
925 2663 954 2693 »
996 2643 1155 2700 Unde
1188 2648 1245 2699 et
1280 2643 1413 2699 Gre-

233 2715 423 2782 qorius
453 2732 472 2768 .-
506 2735 535 2764 «
574 2713 891 2770 Virtutibus
927 2714 1147 2784 pollens
1182 2718 1415 2771 coactus

235 2783 308 2842 ad
329 2783 588 2857 regimen
604 2784 820 2856 veniat;
839 2785 1145 2843 virtutibus
1164 2803 1300 2842 vero
1321 2801 1420 2842 va-

234 2867 396 2923 cuus,
446 2871 552 2911 nec
589 2862 817 2913 coactus
854 2856 1106 2913 accedat.
1138 2879 1169 2908 n
1213 2860 1291 2912 De
1327 2857 1415 2912 his

233 2925 332 2997 qui
357 2940 484 2981 sese
503 2925 565 2981 in
629 2928 995 2983 atrimoniurn
1023 2927 1231 2984 Christi
1256 2926 1415 2998 inge·

233 3000 394 3064 runt,
455 2997 537 3051 sic
625 2995 722 3051 icit
767 2998 1085 3053 Ber-nardus
1132 3017 1150 3053 ε
1195 3016 1225 3051 «
1266 2997 1415 3054 Audi

233 3065 500 3138 querelas
534 3067 779 3137 Domini,
821 3067 958 3139 qnid
992 3084 1164 3141 super
1197 3069 1305 3124 hac
1342 3073 1416 3125 te-

233 3139 502 3198 meritate
525 3138 812 3209 loquatur.
835 3141 973 3211 Ipsi,
1003 3141 1417 3210 inquit,reqna-

232 3215 455 3274 verunt,
487 3215 540 3266 et
568 3227 677 3267 non
706 3212 776 3266 eir
804 3226 916 3281 me;
932 3213 1218 3283 principes
1247 3213 1417 3268 θωπί-

233 3283 438 3351 tenent,
475 3286 527 3337 et
557 3298 653 3350 eqo
672 3299 783 3338 non
808 3285 1003 3339 vocavi
1029 3299 1136 3339 eos.
1162 3282 1305 3351 Quid
1337 3284 1414 3338 is-

232 3354 335 3409 tud
371 3353 736 3423 temeritatis,
782 3353 902 3411 imo
952 3354 1089 3426 quid
1136 3353 1417 3412 insaniae?

235 3422 341 3481 Ubi
368 3426 542 3481 timor
569 3425 708 3482 Dei?
735 3425 840 3482 Ubi
868 3425 1072 3483 mortis
1097 3425 1418 3482 memoria?

233 3493 341 3554 Ubi
380 3497 658 3568 gehennae
692 3504 879 3555 metus
917 3501 976 3554 et
1007 3497 1280 3555 terribilis
1318 3513 1414 3554 ex-

231 3579 260 3623 s
300 3567 507 3623 ectatio
540 3568 781 3640 judicii?
834 3588 863 3622 »
909 3569 1036 3625 haec
1072 3569 1414 3626 ner-nardus.

283 3637 419 3706 nde,
449 3639 497 3693 si
526 3641 730 3710 aliquis
753 3639 827 3695 ad
892 3641 1102 3697 rimam
1135 3642 1321 3696 locum
1354 3637 1417 3696 in

231 3707 486 3788 Ecclesia
524 3708 771 3781 eligitur,
809 3655 1108 3768 toqerabile
1142 3718 1250 3782 est,
1283 3709 1419 3767 licet

230 3778 638 3908 gemoniosum,
692 3781 847 3851 quia,
894 3782 1207 3839 secundum
1255 3798 1415 3839 eum-

274 3864 368 3906 em
404 3851 767 3922 Ber-nardum,
796 3868 913 3909 non
950 3868 1148 3910 omnes
1185 3852 1282 3923 qui
1312 3868 1415 3909 vo-

232 3924 438 3978 cantur
483 3922 554 3977 ad
595 3924 994 3995 ministerium,
1029 3923 1315 3997 eliguntur
1357 3927 1416 3980 et

231 3991 309 4051 ad
354 4007 621 4065 regnum,
664 3994 811 4051 sicut
845 3998 1004 4067 patet
1042 3995 1114 4053 de
1147 3996 1315 4053 Saule
1354 3996 1414 4051 in

230 4079 435 4134 regn0‚
457 4070 515 4120 et
534 4064 606 4122 de
625 4065 773 4122 Juda
796 4065 856 4121 in
876 4066 1193 4124 sacerdotio
1218 4065 1415 4123 electis

231 4149 270 4194 a
293 4135 435 4192 Deo.
470 4136 599 4203 Sed,
631 4138 676 4192 si
709 4152 770 4194 se
797 4135 1028 4210 ingerit,
1058 4138 1414 4210 procurando

231 4205 467 4279 seeligi,
487 4208 817 4266 damnabile
838 4215 926 4266 est
948 4216 1007 4267 et
1029 4209 1413 4283 perniciosum

234 4277 471 4337 omnino
503 4296 518 4337 :
549 4295 720 4337 nemo
749 4279 902 4338 enim
939 4281 1110 4339 debet
1136 4280 1209 4338 eli
1253 4278 1293 4350 ’,
1320 4280 1411 4336 vel

233 4351 578 4423 promoveri,
626 4367 730 4410 seu
769 4351 1012 4426 praeflci,
1043 4353 1155 4410 nisi
1231 4367 1264 4409 e
1299 4366 1414 4425 quo

2618 407 2710 462 m

1516 503 1758 587 ‘Spiritus
1773 506 2013 588 Sanctus
2030 508 2418 582 inspiraverit3
2438 513 2693 589 alioquin

1514 591 1622 648 ipsi
1667 577 1897 647 Spiritui
1949 578 2154 636 Sancto
2194 581 2408 654 injuria
2450 586 2533 642 fit.
2585 587 2693 646 Ubi

1516 652 1672 714 nota,
1693 649 1845 717 quod
1895 662 2024 705 cum
2073 660 2301 710 sanctus
2348 656 2692 732 Ludovicus,

1515 733 1615 774 rex
1643 718 1918 787 Franciae,
1942 734 1987 802 ·a
2018 723 2265 803 quodam
2298 725 2504 783 devoto
2538 744 2694 799 quae-

1514 794 1685 859 reret,
1723 806 1824 845 cur
1855 792 2115 863 Episcopi
2144 796 2336 865 modo,
2363 799 2510 853 sicut
2533 800 2692 870 olim,

1515 862 1699 916 sancti
1743 876 1861 943 non
1905 870 2122 932 essent;
2163 863 2279 935 ille,
2328 870 2391 922 ut
2422 868 2697 940 creditur,

1515 936 1658 988 nutu
1686 932 1898 1001 divino,
1930 935 2225 1006 respondit
2257 953 2272 991 t
2316 958 2349 989 κ
2382 938 2528 1006 Quia
2560 944 2694 995 tunc

1515 1002 1777 1076 Episcopi
1810 1019 1910 1073 per
1938 1005 2351 1065 invocationem
2377 1015 2431 1066 et
2454 1009 2697 1081 inspira-

1515 1074 1732 1130 tionem
1762 1074 2004 1146 Spiritus
2029 1078 2221 1134 Sancti
2246 1081 2318 1134 ab
2347 1081 2690 1140 electoribus

1517 1144 1789 1201 canonice
1827 1146 2204 1218 eligebantur,
2236 1166 2387 1206 nune
2422 1167 2557 1209 vero
2585 1169 2689 1225 per

1517 1216 1961 1298 supplicationes
1998 1223 2054 1274 et
2080 1224 2509 1290 procurationes
2547 1226 2691 1282 alias

1516 1288 1590 1343 de
1636 1303 1720 1343 eis
1762 1289 2117 1360 providetur3
2166 1296 2223 1347 et
2263 1294 2338 1349 ob
2374 1294 2481 1349 hoc
2518 1295 2689 1352 modo

1518 1358 1700 1415 sancti
1733 1374 1847 1415 non
1874 1365 2028 1429 sunt,
2054 1360 2197 1417 sicut
2218 1362 2353 1419 olim
2383 1366 2695 1422 communi-

1518 1433 1609 1485 ter
1647 1431 1892 1486 fuerunt.
1940 1450 1971 1485 n
2019 1433 2139 1499 Quo
2173 1434 2387 1503 audito,
2417 1452 2515 1491 rex
2557 1436 2695 1495 dixit

1520 1502 1672 1571 quod
1702 1501 1774 1558 de
1799 1506 1987 1558 cetero
2018 1506 2339 1561 nullatenus
2365 1523 2469 1578 pro
2499 1507 2692 1579 aliquo

1520 1573 1880 1655 supplicaret.
1910 1575 2033 1655 lton
2063 1576 2249 1632 solum
2275 1583 2465 1633 autem
2494 1580 2591 1661 qui
2618 1579 2691 1636 ad

1519 1659 1683 1699 curas
1713 1648 1770 1699 et
1797 1646 2095 1715 dignitates
2117 1663 2180 1703 se
2206 1648 2493 1719 ingerunt,
2516 1666 2573 1705 in
2600 1666 2696 1722 pe·

1517 1716 1698 1771 riculo
1728 1718 1889 1785 sunt;
1917 1717 2018 1772 sed
2037 1718 2210 1774 etiam
2228 1718 2325 1790 qui
2344 1721 2418 1776 ad
2437 1736 2536 1777 eas
2562 1736 2693 1777 cum

1517 1785 1894 1850 delectatione
1917 1790 2215 1858 accedunt,
2247 1790 2336 1846 vel
2360 1789 2421 1846 in
2451 1794 2533 1848 eis
2562 1807 2694 1850 cum

1517 1856 1890 1914 delectatione
1933 1866 2319 1930 perseverant.
2362 1863 2520 1919 Unde
2558 1864 2691 1920 Gre-

1515 1932 1707 1997 gorius
1748 1948 1768 1985 .-
1807 1951 1837 1981 «
1866 1931 2016 1986 Unus
2100 1930 2258 2003 isque
2298 1937 2577 2005 superbus
2613 1950 2702 1993 re-

1517 2003 1641 2081 ctor
1667 2000 1837 2056 toties
1859 2001 1934 2082 ad
1964 2018 2030 2058 cu
2057 2018 2187 2074 pam
2216 2005 2515 2073 apostasiae
2547 2005 2692 2062 dila-

1518 2072 1692 2141 bitur,
1720 2076 1941 2142 quoties
1969 2088 2215 2143 praeesse
2243 2075 2569 2132 bominibus
2597 2078 2692 2133 de·

1517 2142 1780 2211 lectatur,
1817 2158 1883 2198 ac
1915 2144 2149 2200 honoris
2180 2145 2267 2201 sui
2295 2147 2687 2217 singularitate

1517 2214 1762 2271 laetatur.
1814 2214 1975 2270 Unde
2024 2219 2213 2272 autem
2264 2217 2387 2274 haec
2428 2216 2696 2276 vitiorum

1520 2283 1681 2340 radix
1700 2284 1937 2366 pullulat
1954 2286 2013 2341 in
2031 2287 2203 2343 corde
2220 2287 2558 2358 regentium,
2587 2288 2695 2345 nisi

1520 2372 1586 2412 ex
1615 2355 1933 2413 irnltatione
1960 2357 2112 2414 illius
2136 2359 2254 2429 qui,
2278 2359 2556 2431 despectis
2583 2361 2696 2417 An·

1518 2429 1780 2501 gelorum
1823 2427 2207 2498 societatibus,
2244 2430 2382 2486 dixit
2428 2449 2444 2486 t
2484 2432 2696 2489 Ascen-

1520 2501 1653 2555 dam
1679 2516 1844 2571 super
1872 2501 2224 2558 altitudinem
2252 2504 2501 2571 nubium
2542 2507 2593 2559 et
2617 2506 2695 2560 si·

1518 2574 1672 2626 milis
1701 2587 1790 2626 cro
1822 2572 2131 2629 Aleissimo.
2161 2574 2317 2630 Unde
2350 2590 2694 2646 magnopere

1520 2642 1835 2698 curandum
1864 2648 1967 2711 est,
2000 2649 2061 2699 ut
2088 2646 2183 2715 qui
2214 2645 2476 2715 regendis
2508 2644 2693 2701 homi-

1512 2713 1692 2770 ‘nibus
1717 2713 2037 2795 praet'ertur,
2059 2714 2212 2786 apud
2232 2731 2292 2771 se
2313 2719 2532 2786 penset,
2559 2715 2698 2798 quia

1518 2786 1594 2841 ad
1627 2783 2086 2842 satlst'aciendum
2124 2786 2379 2843 districto
2409 2787 2595 2844 ,ludici
2626 2790 2696 2845 de

1519 2872 1625 2912 sua
1643 2857 2036 2913 tantummodo
2056 2859 2247 2914 anima
2266 2861 2355 2913 vix
2374 2859 2611 2927 sufficit;
2635 2864 2698 2915 at

1561 2933 1660 2983 uot
1683 2927 1950 2999 regendis
1968 2928 2207 2984 subditis
2226 2941 2434 3000 praesto
2455 2932 2540 2983 est
2562 2928 2697 2984 red-

1519 2943 1723 3054 flendae
1740 2998 1890 3069 apud
1914 3013 2043 3054 eum
2068 2998 2304 3053 rationis
2332 3003 2603 3068 tempore,
2637 3003 2699 3056 ut

1518 3069 1601 3125 ita
1618 3069 1825 3138 dicam,
1839 3073 1926 3125 tot
1938 3069 2091 3124 solus
2105 3069 2327 3124 animas
2341 3069 2530 3125 habet.
2555 3069 2698 3127 Nam

1520 3141 1614 3196 cui
1644 3156 1770 3198 esse
1801 3155 1948 3195 nunc
1976 3138 2222 3210 jndicem
2267 3140 2423 3206 libet,
2456 3139 2587 3197 huic
2619 3141 2699 3197 vi-

1519 3212 1656 3269 dere
1675 3217 1810 3268 tunc
1828 3213 1858 3268 J
1863 3209 2085 3267 udicem
2108 3226 2218 3266 non
2240 3210 2397 3268 libet.
2425 3211 2471 3267 N
2478 3228 2698 3270 umera·

1517 3282 1568 3340 ri
1601 3283 1755 3340 enim
1785 3282 1967 3363 culpae
1991 3286 2300 3354 nequeunt,
2335 3298 2461 3353 quae
2485 3285 2698 3342 haben·

1520 3355 1611 3411 dae
1642 3357 1936 3425 potestatis
1962 3368 2157 3411 amore
2190 3360 2589 3427 perpettranur
2615 3373 2630 3412 z
2661 3376 2692 3409 »ι

1521 3427 1646 3482 haec
1661 3426 1973 3494 Greqorius.
1988 3426 2109 3482 Non
2130 3425 2268 3482 dicit
2284 3426 2379 3498 qui
2392 3428 2567 3499 ,iudex
2584 3432 2693 3500 est,

1520 3497 1624 3553 sed
1671 3496 1760 3554 cui
1790 3496 2043 3570 judicem
2082 3514 2207 3555 esse
2237 3497 2407 3567 libet;
2444 3500 2700 3558 animum

1520 3567 1802 3639 videlicet,
1834 3585 1949 3626 non
1976 3571 2215 3642 gradum
2244 3569 2615 3640 redarguens,
2641 3573 2698 3626 et

1520 3639 1594 3695 ad
1635 3640 2009 3710 voluntatem,
2048 3657 2164 3697 non
2200 3640 2275 3697 ad
2313 3641 2521 3696 factum
2550 3639 2697 3695 vitu-

1523 3710 1876 3780 perationem
1908 3713 2183 3768 referens.
2212 3710 2312 3767 Cui
2337 3715 2527 3767 autem
2547 3708 2703 3765 vide·

1520 3797 1586 3837 re
1602 3786 1742 3837 tunc
1765 3781 2025 3839 ,Iudicem
2045 3797 2164 3837 non
2186 3781 2346 3849 libet,
2367 3782 2437 3837 de
2459 3794 2700 3836 numero

1519 3853 1895 3924 reproborum
1929 3866 1991 3907 se
2017 3867 2140 3907 esse
2172 3867 2288 3907 non
2315 3850 2554 3907 dubitet.
2588 3848 2702 3906 Sic·

1521 3926 1584 3979 ut
1606 3921 1760 3979 enim
1789 3920 1952 3977 electi
1980 3926 2114 3978 tunc
2142 3921 2215 3987 de
2235 3920 2454 3977 visione
2479 3922 2511 3977 J
2516 3919 2701 3978 udicis

1520 3993 1872 4137 ἓέἒὲιῗῗῗέῑ
1893 3989 2697 4145 ἒῗέἒῗρέἓῖἳῗὲῗέἓῖἒὲἓ

1518 4134 1737 4194 Judicis
1774 4135 1847 4191 do
1872 4134 2066 4205 ebunt,
2110 4148 2244 4206 quia
2280 4132 2698 4207 appropinquat

1521 4222 1725 4265 eorum
1757 4205 2024 4279 perditio.

1595 4283 1630 4335 δ
1660 4280 1994 4335 ummo-no
2020 4293 2230 4335 eoum
2258 4292 2574 4333 niueam-rus
2597 4293 2701 4335 no·

1522 4366 1697 4409 nom
1714 4365 1977 4409 nomm.
2004 4379 2072 4393 —
2096 4349 2256 4408 Unde
2278 4353 2337 4406 et
2354 4347 2554 4407 in-alio
2571 4348 2698 4408 loeo
