3146 5023
423 346 522 403 132

426 470 575 524 cum,
606 470 761 511 cums
791 468 968 508 TAMEN
997 467 1166 505 SANAT
1190 466 1391 505 rmum.
1412 479 1477 489 —
1501 449 1613 519 Ag-

429 542 675 582 noscens
698 526 888 594 itaque
919 520 1195 577 Dominus
1221 536 1321 575 cor
1349 518 1607 575 diffiden-

431 598 527 667 tis,
567 595 753 667 arguit
783 592 1070 650 hominem
1093 590 1152 645 in
1182 589 1297 646 fide
1322 589 1600 661 tepidum,

428 668 629 725 dicens
659 685 672 721 ε
704 668 832 722 Nisi
870 667 1054 730 siqua,
1095 660 1311 716 scilicet
1349 676 1601 717 commu·

420 738 541 807 nia,
575 743 625 792 et
646 735 928 807 prodiqia,
947 731 1164 788 scilicet
1180 733 1347 802 signa
1376 733 1600 790 ma'ora

427 824 552 880 quae
583 811 717 863 sunt
756 804 880 861 sine
919 804 1199 874 exemplo,
1219 819 1292 859 Δ60
1332 819 1441 874 quo
1520 804 1597 861 si-

422 878 585 934 milia
614 877 696 932 eis
723 892 840 931 non
873 880 1003 931 sunt
1029 874 1152 933 visa
1178 873 1268 931 vel
1295 874 1511 944 audita,
1538 880 1598 932 et

419 949 552 1006 ideo
583 947 782 1020 procul
821 963 856 1004 a
889 946 1088 1029 digito,
1116 946 1177 1002 id
1218 951 1305 1002 est
1345 963 1379 1002 a
1431 946 1597 1003 simi-

421 1020 559 1077 lium
592 1021 1079 1076 demonstratione
1097 1017 1278 1086 dicta,
1312 1018 1592 1086 videritiS,

421 1091 570 1148 sicut
626 1090 928 1158 increduli,
962 1106 1070 1145 non
1127 1090 1352 1146 creditis
1393 1109 1412 1144 .-
1457 1105 1593 1145 nam

423 1163 588 1234 signa
641 1164 847 1218 dantur
906 1160 1231 1218 infidelibus
1271 1161 1342 1217 ad
1382 1161 1591 1215 confir-

417 1234 733 1291 mationem·
789 1233 1086 1301 doctrinae,
1142 1248 1256 1287 non
1323 1230 1593 1287 fidelibus

422 1306 521 1377 qui
561 1305 951 1361 assentiuntur
983 1303 1307 1374 Scripturae.
1338 1303 1462 1357 Non
1494 1319 1590 1357 re-

421 1376 725 1448 prehendit
766 1391 895 1431 eum
955 1375 1024 1430 de
1061 1373 1336 1445 petitione
1392 1372 1591 1428 salutis

421 1448 525 1503 filii
555 1448 662 1516 sui,
691 1448 791 1503 sed
823 1446 894 1502 de
919 1446 1053 1501 fidei
1082 1445 1323 1500 defectu.
1356 1445 1592 1499 Verum-

422 1526 636 1587 tamen,
666 1518 798 1589 quia
836 1535 903 1573 ex
939 1516 1239 1572 devotione
1268 1514 1474 1586 repetit
1500 1530 1593 1585 pe-

417 1590 699 1658 titionem,
751 1589 947 1644 dicens
991 1590 1285 1656 :Domine,
1331 1587 1592 1640 descende

417 1665 754 1734 priusquam
782 1662 1056 1715 moriatur
1078 1660 1229 1729 filius
1253 1673 1425 1725 meuS,
1455 1656 1589 1713 ideo
1636 1682 1649 1693 ·

426 1734 723 1789 exauditur
775 1747 809 1786 a
868 1729 1126 1786 Domino,
1180 1731 1345 1785 Jesus
1391 1732 1589 1783 tamen

422 1804 633 1860 ibidem
682 1817 1003 1868 remanenS,
1033 1805 1090 1856 et
1139 1803 1372 1872 propter
1424 1798 1592 1855 semi-

423 1874 651 1945 plenam
707 1873 880 1927 fidem
921 1873 1042 1942 ejus
1095 1886 1155 1927 se
1193 1885 1308 1926 non
1365 1869 1590 1939 deesse,

422 1945 522 2001 sed
545 1945 757 2014 ubique
785 1943 928 1999 sicut
952 1945 1128 1999 Deum
1149 1940 1593 2013 praesentialiter

418 2031 542 2072 esse
581 2015 858 2082 indicanS,
891 2014 1012 2069 solo
1036 2014 1197 2085 jussu
1236 2018 1292 2069 et
1323 2014 1493 2068 verbo
1524 2013 1594 2068 fi-

413 2088 554 2144 lium
585 2089 789 2144 absens
817 2091 1001 2153 sanat,
1034 2090 1096 2141 ut
1124 2088 1286 2156 pater
1316 2084 1437 2155 ejus
1467 2100 1591 2140 am-

414 2158 564 2231 plius
585 2161 806 2228 credat;
847 2156 985 2213 dicit
1007 2162 1196 2213 autem
1224 2174 1238 2212 t
1272 2157 1446 2223 Vade,
1474 2172 1591 2211 non

422 2231 576 2288 enim
606 2231 785 2287 voluit
830 2233 999 2287 Jesus
1056 2228 1138 2283 ire
1194 2227 1588 2299 corporaliter,

415 2306 483 2356 2ut
506 2306 797 2357 amoveret
827 2302 898 2356 ab
940 2315 1006 2354 eo
1036 2300 1239 2355 salsam
1265 2298 1593 2354 aestimatio-

414 2387 581 2439 nem,
624 2388 738 2440 qua
775 2371 1009 2442 putabat
1052 2368 1239 2440 ipsum
1281 2384 1448 2440 posse
1496 2385 1586 2425 sa-

415 2457 558 2498 nare
589 2447 808 2498 tantum
848 2456 951 2513 per
982 2442 1348 2511 praesentiam
1379 2457 1587 2511 corpo-

411 2514 623 2583 ralem,
657 2517 805 2584 filius
844 2519 971 2568 tuus
1000 2516 1158 2579 vivit,
1193 2511 1254 2568 id
1287 2516 1374 2568 est
1420 2513 1587 2568 resti-

413 2590 571 2646 tutus
604 2591 689 2642 est
734 2586 1001 2657 perfectae
1032 2583 1283 2654 sanitati,
1311 2585 1381 2640 de
1406 2585 1587 2656 janua

415 2658 619 2713 mortis
646 2656 733 2713 cui
755 2656 1251 2729 appropinquavit,
1280 2658 1586 2725 incipiebat

410 2732 559 2784 enim
613 2732 772 2786 mori.
822 2729 1070 2785 Credidit
1126 2730 1279 2783 homo
1344 2730 1586 2782 sermoni

414 2802 564 2866 ὄρεα,-
599 2800 729 2872 quia
784 2800 930 2855 fides
983 2798 1292 2869 requiritur
1327 2798 1412 2854 .ad
1442 2799 1585 2855 obti-

411 2871 784 2940 nendumssei
807 2871 1187 2937 heneficium3
1223 2874 1274 2925 et
1293 2870 1434 2935 ibat,
1457 2870 1582 2927 sine

413 2944 696 3016 corporali
725 2945 1033 3015 praesentia
1054 2941 1281 3009 Christi,
1315 2942 1577 3011 credenS,

414 3016 545 3086 quia
581 3017 793 3087 ubique
827 3019 979 3071 esset
1015 3013 1195 3070 virtus
1230 3013 1353 3083 ejus
1383 3013 1456 3069 ad
1487 3030 1580 3069 cu-

408 3088 672 3145 randum.
726 3091 853 3144 ι111111
893 3086 1094 3158 incipit
1144 3086 1396 3153 credere,
1433 3084 1578 3155 ‚quia

410 3172 673 3213 sermone
732 3162 922 3224 sanat3
980 3162 1034 3213 et
1087 3156 1167 3212 ita
1215 3172 1345 3213 eum
1395 3158 1575 3212 Deum

411 3241 535 3282 esse
566 3231 621 3281 et
668 3231 1007 3298 praesentem
1055 3226 1266 3298 ubique
1312 3226 1571 3295 existere,

409 3297 559 3365 quod
597 3314 713 3352 non
753 3314 923 3369 supra
952 3299 1237 3355 credebat.
1270 3298 1357 3354 Ad
1388 3297 1573 3353 infor-

397 3366 714 3424 zmationem
744 3385 880 3438 ergo
933 3374 1188 3425 nostram
1237 3369 1407 3427 cessit
1457 3371 1569 3425 Do-

383 3438 590 3499 :minus
634 3441 877 3510 superbo
914 3440 1151 3510 Regulo,
1184 3456 1257 3496 ne
1286 3440 1395 3496 iret
1442 3456 1587 3510 cum⁶

361 3577 374 3582 ι
405 3526 474 3566 eo
502 3510 573 3567 ad
604 3511 787 3568 filium
821 3527 1022 3580 suum3
1060 3511 1339 3570 concessit
1367 3510 1570 3567 humili

401 3582 752 3652 centurioni,
787 3587 851 3639 ut
873 3580 988 3638 iret
1034 3582 1107 3639 ad
1137 3583 1267 3654 ejus
1318 3597 1567 3642 servum.

407 3655 563 3711 Unde
590 3656 883 3721 Greqorius
914 3674 931 3710 ε
958 3675 986 3706 «
1016 3653 1160 3722 Quid
1184 3658 1269 3710 est
1296 3654 1446 3725 quod
1462 3655 1571 3709 Re-

401 3727 567 3797 gulus
593 3731 776 3798 rogat,
811 3730 872 3782 ut
891 3726 972 3782 -ad
993 3727 1117 3798 eJus
1142 3724 1325 3782 tilium
1354 3724 1565 3792 veniat,

401 3803 459 3855 et
487 3803 678 3856 tamen
709 3798 1080 3869 corporaliter
1107 3796 1192 3853 ire
1207 3801 1462 3865 recusat,
1494 3795 1567 3851 ad

387 3885 629 3928 servum
661 3887 795 3927 -vero
823 3868 1184 3928 Centurionis
1203 3885 1329 3936 anon
1357 3866 1563 3924 invita-

389 3945 512 4011 tur,
542 3947 599 3999 et
623 3947 816 4000 tamen
846 3958 907 3999 se
939 3939 1310 4014 corporaliter
1338 3939 1426 3995 ire
1450 3938 1570 4011 pol-

352 4039 362 4052 «
397 4012 640 4071 licetur?
667 4014 869 4086 Reguli
904 4012 1033 4076 {filio
1071 4028 1181 4085 ‚per
1211 4012 1567 4083 corporalem

351 4123 354 4126 ι
395 4085 759 4155 praesentiam
818 4102 934 4141 non
988 4085 1255 4157 dignatur
1323 4083 1563 4164 adesse,

353 4187 354 4192 κ
389 4156 974 4220 -Centurionisautem
1009 4172 1172 4214 servo
1232 4170 1352 4213 non
1405 4154 1564 4210 dedi-

391 4232 599 4296 gnatur
624 4228 961 4288 occurrere?
991 4226 1139 4295 Quid
1168 4231 1254 4284 est
1279 4227 1427 4284 hoc?
1451 4225 1571 4283 Nisi

395 4298 548 4367 quod
577 4300 844 4372 superbia
872 4302 1070 4357 nostra
1095 4298 1440 4370 retunditur,
1473 4296 1569 4371 qui

1158 346 1378 402 PRIMAE
1432 349 1667 402 PARTIS
1723 349 1934 402 CAPUT
1989 350 2170 404 LXIII

1721 450 1780 505 in
1820 451 2144 508 hominibus
2184 468 2304 511 non
2359 459 2647 530 naturam,
2680 475 2791 532 qua
2818 463 2902 519 ad³

1718 521 2028 592 imaginem
2066 522 2168 579 Dei
2198 523 2331 579 facti
2375 534 2529 598 sunt,
2559 533 2658 586 sed
2706 534 2897 590 hono·

1715 608 1807 647 res
1859 598 1916 648 et
1962 593 2189 652 divitias
2240 611 2605 676 veneramur.
2637 603 2904 676 Cumque

1754 679 2022 745 ensamus
2057 681 2186 745 quae
2231 682 2382 748 circa
2420 685 2518 726 eos
2566 679 2721 742 sunt,
2748 691 2886 746 ,pro-

1737 740 1860 790 ecto
1900 740 2176 793 interiora
2215 739 2460 796 minime
2496 743 2883 812 providemus·

1710 807 1855 861 Dum
1896 822 1965 862 ea
1994 806 2445 881 consideramuS,
2478 830 2603 883 quae
2654 814 2719 870 in
2767 832 2906 873 cor--

1709 877 1944 947 poribus
1996 878 2264 951 despecta
2324 887 2481 951 sunt,
2538 885 2887 958 negligimus

1707 964 1952 1020 pensare
1987 951 2140 1020 qnod
2172 957 2326 1009 sunt.
2360 955 2711 1027 Redemptor
2746 975 2883 1015 -vero

1708 1024 1922 1089 noster,
1956 1025 2017 1076 ut
2059 1023 2407 1094 ostenderet,
2441 1027 2576 1097 quia
2607 1044 2736 1100 quae
2765 1030 2885 1086 alta

1707 1095 1837 1146 sunt
1916 1092 2158 1163 homini,
2233 1095 2449 1152 Sanctis
2517 1099 2887 1171 despicienda

1708 1167 1841 1217 sunt
1853 1180 1869 1244 3
1905 1167 1969 1244 et
2009 1180 2134 1235 quae
2174 1165 2443 1239 despecta
2476 1175 2609 1225 sunt
2641 1171 2881 1240 homini,

1707 1233 2073 1314 despiclenda
2095 1253 2214 1292 non
2242 1244 2374 1294 sunt
2404 1240 2476 1295 ad
2503 1241 2684 1297 filium
2702 1244 2902 1312 Regu-0

1706 1304 1752 1385 11·
1786 1321 1869 1384 ire
1901 1306 2105 1386 noluit,
2144 1308 2217 1363 ad
2248 1325 2473 1366 servum
2508 1328 2643 1368 vero
2674 1315 2881 1370 Centu-

1707 1390 1888 1430 r10n1s
1932 1392 2017 1432 1re
2046 1383 2281 1448 paratus
2309 1380 2431 1436 suit.
2468 1384 2768 1455 Increpata
2797 1389 2882 1440 est

1706 1461 1845 1516 ergo
1910 1448 2179 1573 susserbia
2236 1457 2452 1521 nostra,
2514 1470 2639 1525 quae
2703 1455 2888 1511 nescit

1746 1533 1950 1574 ensare
2023 1519 2264 1589 omineS,
2293 1529 2528 1595 propter
2542 1525 2821 1582 homines:
2854 1548 2876 1578 »

1747 1604 1829 1643 aec
1880 1590 2197 1658 Greqorius.
2230 1595 2354 1651 Non
2386 1611 2521 1665 ergo
2561 1597 2885 1654 considere-

1704 1675 1832 1714 mus
1862 1665 1960 1715 aut
1989 1676 2315 1732 pensemus,
2350 1680 2474 1734 quae
2505 1667 2655 1722 circa
2693 1668 2876 1723 homi-

1704 1746 1807 1785 nes
1837 1735 1987 1811 sunt,
2021 1733 2123 1788 sed
2157 1733 2294 1803 quid
2341 1741 2492 1791 sunt.
2529 1737 2686 1792 Multi
2718 1737 2875 1794 enim

1704 1801 2058 1883 neghgentes
2096 1804 2245 1873 quod
2293 1811 2445 1875 sunt,
2478 1807 2719 1864 sollicite
2749 1809 2877 1879 glo-

1703 1884 1849 1953 riam
1907 1874 2139 1929 allunde
2195 1873 2305 1931 sibi
2365 1883 2647 1946 quaerunt.
2713 1880 2876 1936 Unde

1705 1948 1785 1999 ait
1811 1946 2222 2013 chrysostomus
2247 1963 2260 2002 :
2295 1965 2324 1999 «
2353 1949 2881 2008 Nabuchodonosor

1704 2014 1899 2097 itaque
1930 2014 2162 2086 plurimi
2193 2033 2346 2074 nunc
2367 2019 2730 2078 inveniuntur
2748 2022 2878 2079 imi·

1705 2090 1835 2167 tari.
1872 2088 1942 2142 Ut
1996 2087 2150 2168 enim
2197 2089 2290 2145 ille
2338 2094 2474 2148 tunc
2508 2092 2578 2148 de
2608 2093 2890 2165 imagine,

1707 2173 1787 2213 sic
1828 2158 1999 2213 modo
2029 2158 2126 2214 alii
2177 2160 2248 2223 de
2301 2169 2458 2219 veste
2508 2164 2778 2234 pretiosa,
2807 2165 2878 2221 de

1705 2227 1867 2297 equis
1922 2228 2009 2283 vel
2066 2230 2347 2300 curribUS,
2378 2234 2449 2289 de
2499 2235 2875 2305 amplitudine

1704 2300 2027 2367 domorum,
2056 2300 2128 2355 de
2184 2301 2606 2369 pulchritudine
2662 2306 2889 2362 colum-

1701 2386 1927 2438 narum,
1959 2374 2015 2425 et
2044 2370 2114 2426 de
2155 2372 2394 2440 picturis
2433 2374 2714 2444 parietum
2748 2376 2872 2448 opi—

1700 2448 1913 2497 nantur
1933 2457 2059 2497 esse
2075 2441 2358 2498 meliores.
2384 2445 2524 2511 Quia
2543 2446 2693 2501 enim
2719 2448 2873 2518 quod

1702 2519 1866 2570 erant
1894 2513 2158 2569 homines
2196 2515 2596 2587 perdiderunt3
2628 2519 2869 2576 sollicite

1698 2586 1811 2641 huc
1831 2585 2079 2657 illucque
2102 2584 2473 2658 circumeunt,
2496 2590 2730 2646 aliunde
2759 2590 2879 2648 sibi

1699 2656 1941 2728 gloriam
1989 2655 2321 2727 colligentes
2361 2661 2515 2717 omni
2555 2678 2694 2717 sane
2731 2661 2867 2716 irri-

1698 2727 1857 2783 sione
1918 2726 2311 2799 plenissimam

1696 2804 1923 2854 stemus.

1767 2876 1800 2925 5
1822 2872 1997 2929 Huius
2013 2890 2268 2931 muscum
2292 2891 2507 2932 scopus.
2526 2906 2595 2915 —
2618 2874 2869 2933 Credidit

2354 2747 2367 2787 :
2410 2753 2439 2782 »
2470 2733 2596 2789 haec
2630 2735 2863 2803 Chryso-

1695 2957 1821 3010 er90
1851 2947 2094 3013 Requlus
2148 2949 2386 3002 sermoni
2439 2950 2587 3011 Jesu,
2620 2963 2737 3003 non
2775 2951 2877 3004 ta-·

1694 3015 2109 3096 medintegre,
2150 3034 2337 3090 neque
2395 3035 2552 3090 sane,
2599 3019 2750 3089 quod
2780 3034 2870 3076 os-

1691 3087 1946 3157 tenditur
1995 3105 2063 3144 ex
2113 3089 2223 3145 hoc
2274 3090 2551 3159 sequitur.
2613 3092 2757 3145 Nam
2809 3107 2880 3145 eo-

1692 3157 2046 3215 descendente
2082 3160 2154 3216 de
2195 3162 2346 3216 Cana
2376 3160 2621 3214 Galilaeae
2661 3160 2721 3214 in
2758 3162 2868 3217 Ca-

1687 3228 2033 3298 pharnaum,
2047 3245 2173 3300 quae
2188 3232 2369 3299 magis
2381 3228 2535 3284 estin
2550 3228 2715 3296 valle,
2731 3246 2869 3286 cum>

1689 3299 1837 3354 servi
1859 3299 1968 3355 sibi
1991 3304 2351 3355 occurrerent
2370 3303 2427 3353 et
2447 3299 2861 3368 congaudendo

1679 3367 1867 3424 filium
1935 3384 2099 3425 suum
2159 3375 2420 3424 sanatam
2476 3369 2810 3427 nuntiarent
2843 3414 2859 3441 ,

1685 3441 2063 3507 interroqabat
2112 3441 2302 3494 horam
2355 3440 2425 3498 ab
2485 3442 2584 3508 eie,
2632 3443 2694 3497 in
2730 3458 2859 3512 ,qua

1640 3567 1645 3572 ,
1682 3512 1878 3566 meiius
1914 3511 2184 3566 habuerit.
2218 3509 2383 3576 Quod,
2408 3508 2540 3565 fecit
2578 3511 2651 3566 ad
2682 3512 2860 3570 certi-

1670 3579 2007 3638 ficationem
2070 3579 2331 3637 miraculi
2385 3587 2652 3653 respectu
2722 3584 2811 3641 sui
2839 3626 2857 3654 ,

1681 3650 1911 3708 volebat
1941 3650 2098 3709 enim
2143 3651 2290 3709 scire
2335 3657 2527 3709 utrum
2578 3670 2718 3711 casu
2746 3656 2859 3713 hoc

1644 3777 1645 3782 ,
1678 3721 1892 3780 factum
1946 3729 2118 3794 esset,
2149 3724 2240 3780 rel
2279 3740 2345 3781 ex
2373 3731 2660 3796 praecepto
2694 3726 2857 3784 Chri-

1680 3793 1771 3850 sti.
1804 3798 1877 3851 Et
1910 3797 2175 3852 diaeerunt
2205 3797 2256 3850 ci
2303 3814 2316 3853 ε
2355 3798 2500 3863 Quia
2538 3800 2677 3866 heri,
2719 3800 2858 3856 hora

1679 3871 1937 3939 septima,
1958 3869 2190 3942 reliquit
2204 3882 2331 3926 ,eum
2345 3869 2540 3936 febris,
2559 3868 2663 3926 Ubi
2679 3870 2852 3939 Chry-

1680 3945 1995 3995 sostomus:
2038 3963 2067 3988 ¹«
2101 3937 2244 3997 Vide
2305 3939 2550 4011 qualiter
2604 3941 2855 3997 miracu-

1678 4011 1798 4067 lum
1837 4010 2204 4068 manifestum
2236 4014 2343 4070 est.
2376 4013 2502 4067 Non
2532 4011 2684 4067 enim
2708 4011 2851 4067 sim-

1680 4081 1924 4155 pliciter,
1948 4099 2140 4155 neque
2170 4085 2235 4139 ut
2264 4081 2502 4153 contigit
2539 4080 2850 4163 apericulo

1681 4160 1877 4214 erutus
1915 4159 2002 4211 est
2025 4172 2039 4222 3
2066 4153 2172 4211 sed
2206 4159 2446 4226 repente
2476 4157 2533 4210 et
2565 4153 2758 4223 simul,
2778 4156 2851 4210 ut

1683 4231 1955 4299 appareat
1992 4241 2112 4283 non
2141 4240 2265 4281 esse
2296 4241 2363 4281 ex
2389 4230 2610 4282 naturae
2650 4239 2853 4281 conse·

1672 4297 1916 4372 quentia
1946 4296 2096 4368 quod
2148 4296 2343 4367 fiebat,
2368 4297 2472 4355 sed
2517 4313 2584 4355 ex
2630 4294 2855 4354 act-ione
