3146 5023
636 401 717 454 Di:
774 399 1195 455 REFECTIONE
1250 403 1557 462 QU'ATUOR
1613 403 1903 458 liutmun!
1960 404 2281 456 ltoitlth‘M.
2642 405 2729 455 333

271 507 426 564 enim
477 506 824 577 ministerio,
860 512 914 565 et
956 510 1022 564 fit
1065 507 1333 564 adductio
1372 510 1446 566 ad

270 580 463 647 tidem,
528 584 587 636 et
642 579 850 637 solutio
921 580 993 636 ad
1066 578 1445 637 reconciliiti-

269 666 461 719 onem,
502 657 559 706 et
589 649 912 709 distributio
943 650 1015 708 ad
1054 649 1442 709 relectionem.

271 720 436 777 Dedit
467 720 618 777 enim
651 738 850 795 panes,
883 721 1016 793 quia
1043 724 1207 792 panis
1242 726 1328 778 est
1354 722 1446 778 ci-

269 793 378 848 bus
449 808 522 849 uo
563 798 913 849 sustentatur
946 791 1094 859 vita;
1136 791 1321 865 pisces
1348 810 1444 850 ve-

269 879 334 919 ro
346 863 417 919 de
461 862 573 919 itin
587 865 1011 921 condimentum
1027 862 1161 933 cibi,
1175 863 1247 920 ad
1259 869 1446 922 osten·

271 934 523 990 dendum
540 935 690 1006 quod
745 934 836 993 ani
852 934 1009 992 verbi
1021 934 1343 992 addendum
1360 942 1448 993 est

272 1004 693 1063 condimentum
750 1005 848 1064 oni
872 1004 1142 1078 exempli3
1172 1007 1351 1078 magis
1371 1014 1450 1065 et-

272 1075 425 1133 enim
454 1077 697 1134 suadent
725 1093 923 1150 opera,
954 1093 1127 1149 quam
1157 1080 1353 1135 verba.
1379 1082 1446 1135 Et

271 1146 532 1229 discipuli
566 1153 956 1221 apposuerunt
992 1148 1199 1216 turbae,
1239 1147 1297 1205 in
1336 1165 1449 1221 qua

273 1224 631 1290 appositione
662 1224 961 1276 creverunt
1029 1235 1093 1275 er
1130 1235 1294 1276 novae
1324 1237 1448 1278 ma-

272 1292 434 1346 teriae
459 1289 830 1360 creationem,
859 1296 916 1347 et
944 1307 979 1348 a
1047 1289 1174 1346 illos
1204 1291 1446 1349 additio-

274 1377 438 1427 nem;
482 1377 600 1418 non
634 1360 789 1418 enim
828 1367 1127 1418 creverunt
1156 1376 1259 1434 per
1289 1379 1438 1419 rare·

274 1431 605 1502 factionem,
676 1432 769 1490 uia
801 1438 935 1490 tunc
972 1448 1182 1505 corpus
1224 1432 1451 1492 illorum

275 1503 476 1561 fuisset
503 1503 654 1561 subti
682 1503 768 1561 ius
796 1510 968 1576 atque
998 1503 1181 1560 rarius
1215 1521 1451 1578 corpore

278 1574 543 1632 aliorum.
588 1576 746 1633 Unde
783 1578 1133 1644 Anqustinus
1174 1595 1191 1631 :
1236 1596 1263 1630 «
1304 1577 1454 1633 Nihil

277 1646 584 1703 absurdius
645 1662 817 1718 quam
871 1646 1082 1716 dicere,
1134 1648 1289 1718 quod
1337 1648 1455 1705 ali-

277 1716 412 1789 quid
469 1724 688 1774 crescat
737 1717 895 1775 nullo
950 1719 1337 1791 superaddito,
1397 1724 1455 1777 et

280 1805 397 1845 non
436 1794 709 1846 rarescat.
745 1809 773 1842 ii
832 1790 1171 1847 Studeamus
1204 1807 1341 1863 ergo
1399 1796 1456 1847 et

278 1876 387 1917 nos
400 1875 533 1917 acce
578 1866 694 1917 tum
715 1876 922 1934 panem
952 1859 1161 1919 divinae
1177 1861 1450 1928 scientiae,

277 1947 382 2003 per
398 1946 518 2004 prae
563 1931 866 1989 icationem
894 1931 1021 1988 aliis
1042 1948 1329 2004 apponere
1347 1952 1361 1999 ;
1381 1950 1454 1990 ne

278 2018 383 2074 per
412 2010 664 2060 nostram
704 2002 1111 2075 negligentiam
1140 2003 1198 2059 in
1236 2004 1328 2060 via
1351 2005 1451 2061 de-

286 2072 507 2142 ficiant,
559 2079 617 2131 et
664 2074 815 2131 l'anie
868 2079 1122 2146 pereant.
1183 2074 1454 2132 Conversi

283 2160 529 2215 namque
559 2151 888 2226 peccatores
904 2145 965 2203 in
995 2144 1293 2219 praesentis
1325 2145 1456 2203 vitae

281 2214 375 2271 via
412 2215 707 2286 deficiunt,
748 2215 794 2273 si
845 2216 905 2272 in
968 2233 1071 2274 sua
1108 2217 1458 2273 conscientia

280 2285 405 2343 sine
436 2286 709 2344 doctrinae
740 2286 950 2360 pabulo
989 2286 1173 2360 jejuni
1203 2292 1260 2344 et
1295 2288 1455 2345 vacui

282 2357 661 2415 dimittantur.
702 2361 782 2416 Ne
838 2358 1012 2430 igitur
1061 2360 1346 2416 lassentur
1394 2359 1455 2416 in

280 2428 449 2509 huJ'us
479 2429 960 2501 peregrinationis
979 2430 1204 2501 itinere,
1222 2446 1456 2504 pascen-

283 2498 340 2556 di
369 2504 504 2557 sunt
533 2517 695 2557 sacra
724 2500 1136 2560 admonitione.

352 2594 383 2643 7
411 2572 698 2628 Discus-rio
737 2589 901 2629 nnius
930 2589 1181 2630 mimenni
1210 2591 1245 2630 A
1275 2591 1455 2630 comsi-

281 2658 393 2698 iium
413 2659 680 2699 numento
694 2660 838 2699 Auni
858 2661 1043 2700 mci-o.
1066 2676 1136 2686 —
1158 2646 1276 2700 Hoc
1298 2661 1454 2715 vero,

282 2711 437 2794 inter
466 2713 613 2770 hanc
660 2713 1049 2784 resectionem,
1080 2721 1138 2772 et
1188 2714 1344 2771 illam
1384 2716 1455 2774 de

274 2799 531 2911 quinque
568 2785 808 2855 panibus
849 2790 907 2842 et
943 2787 1166 2844 duobus
1205 2785 1454 2859 piscibus

308 2854 469 2938 istat,
517 2856 788 2927 quodibi
838 2872 941 2938 per
1017 2857 1227 2929 uinque
1315 2873 1455 2914 anes

275 2925 635 2997 significatur
681 2928 943 2984 doctrina
1038 2927 1212 2985 eteris
1299 2933 1451 2985 esta-

279 2995 478 3078 menti,
506 2999 816 3055 secundum
838 2998 1085 3071 quinque
1111 2999 1287 3056 libros
1313 3001 1455 3071 Moy-

276 3084 393 3135 sis;
424 3084 528 3140 per
559 3077 777 3141 septem
816 3085 994 3142 panes
1022 3069 1283 3127 doctrina
1313 3069 1453 3127 Novi

277 3139 646 3209 Testamenti,
681 3143 739 3197 in
785 3157 899 3212 quo
948 3140 1258 3210 pleniuset
1306 3141 1452 3201 rele-

278 3214 445 3267 vatur
472 3216 530 3267 et
561 3211 728 3269 datur
752 3210 1097 3284 septiformis
1120 3211 1304 3285 gratia
1326 3213 1451 3283 Spi-

276 3280 423 3337 ritus
461 3281 672 3341 Sancti.
730 3285 891 3353 Item,
944 3289 1179 3357 propter
1232 3289 1451 3355 septem

276 3352 682 3423 beatitudines,
725 3360 784 3412 et
826 3360 1060 3428 propter
1096 3359 1314 3426 septem
1361 3371 1450 3411 sa-

276 3431 590 3506 cramenta,
616 3432 674 3483 et
695 3432 927 3498 propter
944 3431 1161 3498 septem
1183 3425 1449 3496 virtutes,

278 3495 498 3552 scillcet
527 3514 541 3552 ε
578 3503 696 3555 tres
726 3497 1094 3569 theologicas,
1122 3502 1180 3554 et
1210 3504 1454 3569 quatuor

278 3565 614 3623 cardinaleS.
655 3569 741 3625 Illi
786 3575 1088 3641 propterea
1127 3567 1451 3638 hordeacei,

280 3635 399 3718 isti·
427 3635 633 3716 triticei
671 3644 834 3694 erant
875 3657 888 3698 :
930 3640 1064 3720 quia
1108 3639 1452 3709 deliciosior,

279 3707 553 3779 sapidior,
580 3713 638 3765 et
674 3707 1031 3766 manifestior
1076 3715 1162 3766 est
1195 3711 1453 3767 doctrina

278 3777 418 3836 Novi
467 3778 811 3836 Testamenti
891 3796 1022 3836 uam
1074 3780 1316 3838 Veteris,
1370 3781 1450 3838 Ibi

278 3866 381 3922 per
433 3849 576 3907 duos
615 3853 822 3923 pisces,
896 3867 982 3908 uae
1022 3867 1285 3923 personae
1324 3868 1452 3924 quae

277 3936 350 3993 po
395 3923 555 3977 ulum
614 3923 941 3992 pascebant,
1007 3921 1404 3993 intelliguntur
1435 3965 1452 3994 ,

280 3937 496 4049 sciYicet
515 4008 613 4048 rex
643 3999 700 4049 et
725 3994 1013 4062 sacerdos,
1038 3993 1136 4076 qui
1162 3996 1455 4076 ungeban-

280 4069 406 4132 tur3
434 4064 526 4118 hic
555 4079 658 4136 per
694 4080 904 4147 paucos
923 4064 1222 4137 pisciculos
1242 4065 1451 4122 intelli-

278 4140 492 4206 guntur
520 4135 712 4191 Sancti
752 4134 1021 4193 ssuctihus
1060 4135 1231 4193 seculi
1275 4139 1449 4208 tunsi,

279 4204 376 4277 qui
424 4205 495 4261 de
546 4205 893 4264 turbulentis
938 4207 1203 4265 fluctibus
1246 4208 1451 4280 erepti,

280 4275 650 4359 relectionem
680 4277 846 4336 nobis
874 4277 1162 4336 internam
1199 4280 1454 4353 exemplo

283 4363 401 4406 suae
429 4353 583 4422 vitae,
615 4365 684 4407 ac
701 4365 908 4423 sopore
933 4349 1134 4407 mortis
1150 4365 1218 4408 ac
1240 4350 1457 4423 patien-

1558 510 1652 566 tiae
1680 509 1961 581 praebent,
2001 508 2432 580 doctrinamque
2460 506 2600 565 Novi
2631 510 2735 565 Te-

1557 582 1827 636 stamenti
1865 586 2155 650 tamquam
2193 596 2396 652 panein
2416 578 2727 648 condiunt3

1556 666 1800 722 quorum
1831 649 1950 721 ipsa
1979 650 2271 721 Scriptura
2301 651 2498 719 fidem,
2535 649 2730 719 vitam,

1555 727 1613 778 et
1654 720 1946 794 passiones
1994 721 2265 790 continet,
2321 721 2417 802 qui
2459 720 2728 778 dicuntur

1554 791 1833 865 pisciculi,
1885 797 2117 865 propter
2154 791 2576 861 humilitatem;
2626 791 2726 848 sed

1555 863 1744 936 pauci,
1785 869 2018 936 propter
2063 862 2494 936 perfectionem,
2542 862 2678 936 quia
2712 879 2728 919 ε

1554 938 1862 994 Stultorum
1906 938 2161 1006 infinitus
2198 941 2278 992 est
2311 951 2589 1001 numems,
2626 939 2682 991 et
2713 950 2729 990 ι

1556 1010 1727 1063 Multi·
1744 1012 1873 1062 sunt
1893 1009 2093 1070 vocati,
2151 1009 2279 1062 auci
2297 1024 2421 1063 vero
2444 1009 2619 1062 electi.
2649 1006 2730 1063 lbi

1557 1093 1731 1148 super
1760 1078 1996 1146 foenum,
2028 1092 2087 1133 se
2157 1076 2251 1134 hic
2280 1094 2394 1134 non
2417 1078 2536 1149 jam
2563 1093 2735 1149 super

1557 1149 1796 1218 t’oenum,
1810 1149 1910 1205 sed
1925 1154 2320 1221 superterram
2335 1149 2733 1205 discumbunt:

1556 1220 1630 1277 ad
1656 1220 2072 1277 ostendendum
2110 1221 2264 1292 quod
2292 1218 2351 1275 in
2376 1218 2564 1276 Veteri
2589 1221 2734 1292 Lege

1557 1295 1791 1348 terrena
1818 1291 2319 1363 promittebantur,
2355 1290 2456 1347 sed
2487 1289 2548 1346 in
2580 1292 2737 1346 Nova

1559 1364 1708 1435 Lege
1737 1362 1834 1419 illa
1885 1361 2170 1419 contemni
2204 1368 2260 1418 et
2297 1359 2589 1434 subjugari
2624 1361 2738 1418 do-

1561 1441 1781 1502 centur,
1813 1432 1946 1505 quia
1975 1436 2223 1490 convivae
2243 1432 2381 1490 Novi
2406 1435 2736 1489 Testamen-

1562 1504 1627 1574 ti,
1658 1504 1884 1562 divitias
1908 1509 1963 1561 et
1986 1504 2241 1573 delicias,
2262 1520 2330 1561 ac
2357 1503 2528 1561 etiam
2554 1503 2735 1575 ipsam

1564 1592 1815 1645 carnem,
1858 1592 1984 1648 qiiae
2023 1576 2238 1633 soenuin
2275 1582 2383 1645 est,
2423 1576 2644 1632 calcare
2682 1582 2740 1631 et

1564 1646 1887 1720 relinquere
1901 1647 2206 1719 jubentur;
2231 1663 2388 1718 quOS,
2412 1646 2563 1703 omni
2589 1647 2740 1719 cupi-

1565 1718 1742 1776 ditate
1773 1717 2028 1775 aeternali
2067 1726 2310 1789 reiiiota,
2342 1718 2461 1790 spei
2499 1733 2736 1790 perma-

1565 1789 1753 1847 nentis
1777 1791 2225 1860 firmamentum,
2245 1795 2541 1861 tamquam
2566 1794 2735 1845 terrae

1564 1860 1856 1930 sterilitas,
1880 1861 2032 1917 nullo
2055 1861 2207 1918 t'oeno
2229 1859 2586 1933 interposito,
2606 1875 2738 1916 con-

1563 1932 1727 1989 tinet.
1760 1934 1841 1990 lbi
1870 1933 2098 1990 fuerunt
2127 1932 2378 2004 quinque
2409 1930 2588 1988 millia
2630 1932 2737 1988 ho-

1565 2003 1804 2068 minum,
1842 2004 1994 2073 iuxta
2045 2020 2345 2061 numerum
2396 2018 2630 2074 panum,
2681 2008 2738 2059 et

1559 2075 1720 2146 juxta
1773 2090 2075 2132 numerum
2154 2074 2407 2147 quinque
2467 2090 2737 2130 sensnum

1566 2145 1772 2228 quibus
1801 2144 2194 2214 inhaerebant;
2226 2145 2318 2201 hic
2335 2150 2580 2216 quatuor
2609 2144 2737 2201 mil-

1565 2217 1664 2285 lia,
1704 2217 1801 2288 qui
1845 2216 2174 2288 significant
2222 2215 2569 2288 spirituale8‚
2610 2231 2737 2289 pro-

1564 2293 1693 2360 pter
1711 2293 1959 2360 quatuor
1982 2287 2418 2359 Evangeliorum
2436 2286 2738 2359 perfectio-

1569 2376 1722 2429 nem,
1740 2359 1826 2415 vel
1842 2365 2078 2433 propter
2098 2364 2344 2431 quatuor
2360 2357 2737 2415 cardinalium

1565 2430 1859 2500 virtutum,
1894 2430 2098 2502 quihus
2129 2435 2184 2486 in
2217 2431 2324 2488 hac
2351 2429 2468 2486 vita
2496 2429 2739 2501 spiritu-

1565 2502 1732 2560 aliter
1788 2501 2015 2567 vivitur,
2071 2501 2559 2560 exercitationem.
2630 2503 2739 2558 Per

1566 2580 1811 2701 guatuor
1842 2574 2015 2630 etiam
2069 2573 2247 2631 millia
2291 2572 2612 2642 hominum,
2643 2572 2739 2644 qui

1611 2644 1855 2701 hristum
1915 2648 2046 2700 sunt
2100 2643 2278 2702 secuti
2310 2685 2327 2711 ,
2385 2643 2739 2714 significatur

1566 2714 1869 2772 multitudo
1924 2714 2277 2770 credentium
2320 2713 2381 2770 in
2429 2713 2736 2784 Christum,

1563 2787 1636 2844 de
1687 2792 1933 2857 quatuor
1994 2784 2190 2842 mundi
2240 2784 2519 2859 partibus,
2564 2787 2739 2842 Erant

1564 2862 1755 2915 autem
1784 2862 1889 2926 tot,
1933 2857 2180 2928 exceptis
2221 2855 2471 2929 parvulis
2511 2860 2569 2913 et
2609 2873 2732 2913 mu·

1563 2927 1820 2996 lieribuS,
1852 2926 1949 3000 qui
1983 2944 2098 2984 non
2126 2933 2505 2984 numerantur
2543 2929 2601 2983 in
2640 2930 2737 2985 Le·

1563 3015 1663 3071 ge;
1701 2998 1988 3055 neminem
2027 2997 2181 3055 enim
2220 2996 2455 3055 dimittit
2482 2997 2736 3056 Christus

1555 3071 1838 3143 jejunum,
1889 3069 1990 3127 sed
2026 3085 2225 3126 omnes
2268 3070 2385 3126 vult
2420 3084 2523 3125 sua
2550 3069 2735 3140 gratia

1559 3147 1838 3199 saturare.
1871 3142 1953 3199 lbi
1984 3139 2261 3213 cophinos
2289 3140 2538 3220 aequales
2571 3139 2738 3196 disci-

1559 3211 1713 3285 pulis
1741 3211 1894 3282 secit,
1933 3220 1995 3269 ut
2037 3211 2182 3268 sicut
2220 3213 2522 3268 duodecim
2570 3215 2735 3270 erant

1562 3282 1770 3343 Christi
1828 3281 2102 3357 Apostoli,
2145 3282 2225 3339 sic
2272 3282 2572 3340 duodecim
2619 3283 2732 3340 fra-

1562 3360 1925 3427 gmentorum
1945 3353 2169 3426 cophini
2187 3371 2202 3424 ;
2224 3353 2318 3411 hic
2338 3370 2470 3411 vero
2490 3355 2739 3426 aequales

1562 3426 1830 3500 panibuS,
1863 3433 1925 3483 ut
1953 3425 2098 3483 sicut
2127 3427 2351 3483 fuerant
2378 3433 2596 3499 septem
2627 3443 2739 3499 pa-

1564 3515 1687 3568 nes,
1720 3497 1801 3554 sic
1827 3504 2044 3570 septem
2074 3503 2284 3571 sportae
2334 3499 2495 3566 Quod
2523 3507 2739 3567 autem,

1561 3569 1743 3627 turbis
1788 3570 2078 3630 saturatis,
2123 3568 2378 3641 Apostoli
2421 3570 2741 3639 fragmenta

1562 3640 1859 3723 colligunt,
1891 3647 1948 3698 et
1976 3645 2195 3712 septem
2225 3644 2448 3711 sportas
2475 3638 2735 3711 implent,

1560 3711 1770 3784 triplici
1788 3713 1858 3768 de
1878 3727 2051 3768 causa
2072 3713 2281 3769 factum
2305 3716 2411 3766 est.
2435 3741 2505 3751 —
2522 3710 2612 3766 Pri
2622 3726 2735 3779 me,

1560 3789 1794 3856 propter
1825 3781 2172 3863 mysterium,
2206 3781 2340 3854 quia
2371 3785 2503 3862 sunt
2531 3781 2739 3838 altiora

1560 3855 1924 3926 perfectionis
1950 3859 2234 3924 praeccpta
2254 3861 2312 3908 et
2326 3852 2586 3920 consilia,
2604 3867 2732 3924 quae

1561 3925 1883 3981 communis
1913 3926 2080 3981 turha
2128 3923 2328 3994 nequit
2359 3924 2637 3980 servando
2678 3928 2735 3979 et

1562 3995 1852 4067 implendo
1879 3994 2179 4068 attingere,
2212 4010 2457 4076 quorum
2503 4011 2734 4051 exsecu-
2771 4032 2776 4037 -

1564 4066 1644 4124 tio
1679 4065 1907 4138 respicit
1933 4065 2086 4123 viros
2114 4065 2437 4137 spirituales
2464 4065 2725 4138 proprie;

1564 4147 1622 4195 et
1649 4137 1778 4195 ideo
1805 4137 2055 4210 Apostoli
2088 4138 2394 4194 sustollunt
2421 4145 2478 4194 et
2500 4137 2739 4209 implent

1564 4218 1784 4282 septem
1814 4213 2057 4280 sportaS,
2081 4208 2139 4265 id
2159 4214 2245 4265 est
2262 4214 2540 4281 periectos
2570 4208 2739 4283 septi·

1563 4280 1765 4338 formis
1814 4279 2057 4353 Spiritus
2089 4279 2274 4353 gratia
2317 4279 2653 4350 illustratOS,
2684 4285 2742 4337 et

1565 4357 1762 4410 tamen
1799 4352 1972 4409 turba
2008 4356 2265 4410 saturata
2292 4368 2416 4410 esse
2454 4368 2742 4410 memora-
