3146 5023
593 358 671 411 DE
727 356 1150 411 REFECTIONB
1204 359 1516 419 QUATUOR
1571 357 1862 412 mittum
1915 355 2238 409 HOMINUM.

2592 358 2686 410 335

222 453 584 528 septenarius
614 451 943 525 acquiritur.
977 454 1109 524 Sed,
1125 469 1254 510 cum
1274 452 1399 511 istis
1505 453 1617 511 nisi
1633 455 1761 527 quis
1780 451 1863 509 eis
1878 453 2014 510 velit
2030 451 2393 525 conformari,
2410 458 2468 510 et
2480 464 2678 515 secun·

222 527 468 600 panibus
498 530 663 582 erant
695 524 947 594 pisciculi
976 525 1163 596 pauci,
1193 525 1396 582 saltem

218 599 358 668 duo,
382 596 814 670 quisignificant
835 600 1118 666 timorem,
1144 604 1200 653 et
1225 612 1396 653 amo-

219 686 345 727 rem
368 669 467 741 qui
494 685 623 726 cum
644 667 769 724 istis
789 667 1029 740 panibus
1050 668 1259 725 debent
1281 668 1394 725 edi.

221 741 449 798 Primus
476 739 651 813 piscis
691 744 776 796 est
796 738 969 795 timor
994 755 1289 811 poenarum
1313 739 1396 795 in·

218 812 390 882 ferni,
418 818 476 869 et
502 812 609 869 iste
635 810 855 882 capitur
882 810 945 866 in
970 810 1135 882 aquis
1155 811 1394 880 inferni;

217 883 507 941 secundus
521 882 688 955 piscis
703 886 790 939 est
800 896 964 939 amor
978 888 1036 938 et
1050 881 1396 939 desiderium

217 960 588 1024 aeternorum,
630 958 684 1010 et
718 952 827 1010 iste
870 955 1091 1024 capitur
1132 953 1191 1009 in
1223 953 1396 1009 fluvio

216 1026 469 1099 paradisi
506 1043 522 1082 t
569 1029 628 1082 et
672 1024 942 1081 dicuntur
974 1023 1249 1096 pisciculi,
1279 1040 1396 1083 non

214 1097 418 1170 pisces,
473 1095 610 1169 quia
646 1096 821 1152 timor
867 1099 954 1150 est
995 1095 1287 1167 parvulus,
1327 1111 1396 1151 eo

221 1169 375 1241 quod
400 1168 692 1225 hominem
720 1165 1021 1238 parvulum
1039 1172 1097 1222 et
1123 1166 1398 1222 humilem

214 1241 442 1310 reddat,
490 1244 547 1296 et
576 1253 742 1295 amor
774 1236 995 1293 ratione
1026 1244 1230 1307 status,
1263 1237 1397 1308 quia

214 1327 428 1384 parvus
489 1315 575 1367 est
632 1314 897 1379 respectu
948 1308 1160 1365 amoris
1220 1307 1396 1365 futuri

214 1383 412 1440 seculi.
446 1385 687 1452 Insuper
716 1381 1033 1448 sciendum,
1078 1380 1232 1453 quod
1261 1386 1396 1436 sunt

216 1461 435 1527 septem
470 1469 650 1527 panes
679 1451 900 1523 mystici
941 1452 1248 1523 cujuslibet
1286 1455 1398 1508 sta·

214 1532 328 1595 ωε,
361 1525 576 1582 scilicet
603 1541 617 1581 ι
650 1520 1066 1593 incipientium,
1099 1524 1399 1596 proficien-

212 1597 359 1653 tium
387 1602 445 1654 et
480 1596 895 1669 perfectornm3
933 1595 1002 1651 de
1087 1595 1253 1652 uibus
1284 1596 1394 1651 Do-

214 1668 403 1725 minus
433 1669 610 1741 pascit
642 1666 842 1723 fideles
866 1683 1040 1723 secun
1087 1683 1182 1724 um
1212 1666 1394 1723 diver-

215 1739 383 1797 sitate
483 1743 731 1796 statuum
761 1738 1116 1795 eorumdem.

293 1834 356 1869 ιο
445 1828 616 1867 aaran
661 1827 830 1869 rmss
888 1827 1277 1867 meinamma.
1324 1839 1390 1852 —

213 1882 437 1940 Primos
456 1887 675 1954 septem
705 1897 881 1952 panes
911 1882 1114 1939 beatus
1145 1885 1388 1938 Bernar-

212 1955 319 2010 dus
342 1953 606 2027 proponit
625 1951 1047 2023 claustralibus,
1073 1952 1170 2023 qui
1186 1956 1390 2025 gerunt

213 2026 458 2082 sormam
517 2023 929 2101 incipientium,
989 2033 1268 2094 quantum
1322 2024 1395 2080 ad

213 2096 442 2153 initium
472 2112 589 2153 suae
621 2093 1025 2152 conversionis.
1062 2093 1289 2152 Primus
1311 2099 1395 2150 est

212 2168 375 2240 panis
404 2167 586 2238 verbi,
619 2165 680 2222 in
705 2182 818 2237 quo
854 2164 968 2222 vita
1001 2164 1257 2222 hominis
1281 2170 1390 2237 est,

213 2239 349 2311 qnia
388 2256 402 2295 ι
433 2242 555 2298 Νοη
595 2241 658 2293 in
694 2240 809 2294 solo
845 2253 991 2308 pane
1026 2240 1168 2293 vivit
1212 2237 1388 2304 homo,

208 2312 306 2366 sed
329 2314 389 2367 in
417 2313 567 2367 omni
583 2310 764 2372 verbo,
785 2309 931 2379 quod
941 2309 1191 2379 procedit
1209 2309 1277 2363 de
1300 2325 1392 2364 ore

209 2385 329 2439 Dei.
361 2384 428 2438 Et
453 2386 518 2438 ut
556 2384 849 2437 taceamus
883 2379 955 2436 de
979 2382 1152 2437 verbo
1184 2379 1387 2449 vocali,

210 2469 325 2526 quo
368 2456 522 2510 Deus
573 2451 883 2523 aliquando
930 2451 1154 2508 locutus
1210 2451 1390 2507 fuisse

211 2526 417 2597 legitur
444 2525 642 2595 Moysi,
688 2523 957 2591 Abrahoe,
996 2528 1054 2578 et
1089 2521 1238 2590 aliis,
1271 2525 1389 2579 sive

209 2612 315 2669 per
350 2595 619 2667 Angelos,
667 2592 788 2648 sive
828 2608 934 2664 per
981 2609 1063 2662 se,
1117 2592 1237 2649 sive
1275 2592 1388 2649 alio

210 2668 419 2736 mod03
463 2666 535 2722 ad
571 2678 828 2737 praesens
865 2662 1055 2720 dicere
1089 2678 1391 2736 possumus

253 2740 366 2795 uod
404 2737 640 2795 verbum
691 2733 982 2808 egreditur
1031 2750 1098 2791 ex
1134 2750 1236 2790 ore
1289 2734 1390 2790 Dei

210 2755 528 2883 dupliciter.
595 2809 714 2865 Uno
773 2806 943 2862 modo
1004 2804 1338 2862 immediate
1371 2845 1387 2876 ,

211 2880 440 2952 quando
483 2878 749 2936 videlicet
795 2879 952 2958 Deus·
997 2876 1249 2958 loquitur
1284 2892 1389 2949 per

211 2951 541 3008 instinctum
574 2950 647 3006 ad
673 2965 771 3006 cor
798 2946 1070 3017 hominis,
1101 2947 1388 3019 inspiran-

211 3024 285 3080 do
315 3021 367 3079 ei
396 3021 536 3093 quid
577 3021 763 3077 facere
791 3019 1037 3087 debeat3
1077 3019 1186 3074 boc
1215 3019 1386 3075 modo

212 3097 361 3151 Deus
384 3090 634 3164 loquitur
652 3092 1043 3163 peccatoribus
1061 3095 1121 3146 et
1139 3087 1391 3145 homini-

210 3167 318 3223 bus
345 3162 664 3230 mnndanis,
690 3162 1015 3233 instigando
1040 3177 1141 3217 eos
1167 3161 1241 3217 ad
1271 3177 1388 3232 poe·

210 3235 525 3293 nitentiam.
539 3233 663 3291 Alio
676 3234 844 3292 modo
856 3231 1109 3304 loquitur
1120 3234 1269 3288 Deus
1282 3247 1386 3304 per

209 3307 457 3380 aliquem
495 3306 802 3370 bominem,
836 3303 1056 3361 scilicet
1091 3319 1196 3375 per
1236 3318 1383 3375 prae-

210 3379 388 3436 latum
426 3377 515 3434 vel
555 3377 1015 3460 praedicatorem,
1044 3375 1134 3431 vel
1172 3375 1385 3431 docto-

210 3466 356 3523 rem,
380 3449 469 3506 vel
494 3449 742 3521 aliquem
769 3449 1038 3516 amicum,
1070 3462 1173 3518 per
1197 3461 1389 3517 quem,

209 3521 371 3593 quasi
398 3537 501 3593 per
531 3520 999 3588 referendarium,
1029 3520 1178 3575 Deus
1214 3517 1391 3574 verba

210 3610 312 3650 sua
328 3590 661 3649 transmittit
693 3591 766 3647 ad
793 3606 964 3646 aures
1002 3588 1269 3645 hominis.
1287 3590 1387 3644 Est

211 3669 266 3721 et
281 3663 482 3720 tertius
498 3661 699 3720 modus
719 3677 830 3731 quo
847 3663 998 3718 Deus
1015 3661 1068 3714 lo
1153 3660 1267 3716 itur
1287 3660 1385 3716 bo·

210 3734 456 3791 minibus
483 3732 767 3805 praecipue
797 3730 1091 3788 claustrali
1134 3746 1220 3799 us,
1260 3731 1385 3786 sci-

211 3805 340 3862 licet
375 3821 478 3878 per
512 3803 855 3876 Scripturas,
893 3817 1025 3873 qnae
1071 3800 1146 3856 ad
1188 3803 1383 3857 omnia

208 3875 548 3958 recipiendae
576 3879 725 3942 sunt,
749 3873 893 3930 sicut
922 3873 1096 3928 verba
1128 3871 1250 3942 Dei,
1283 3887 1381 3927 cn-

204 3949 297 4021 jus
322 3944 692 4018 inspiratione
721 3949 859 4003 sunt
895 3942 1125 4015 scripta,
1164 3943 1239 3999 ad
1267 3958 1382 4015 pa-

207 4019 473 4076 scendum
504 4016 765 4073 videlicet
785 4016 1040 4086 legentes
1071 4030 1219 4087 pane
1248 4021 1378 4070 vito

210 4089 537 4162 spiritualis.
567 4089 949 4144 ——Secundns
966 4091 1147 4156 paniS,
1178 4101 1376 4141 secun-
1410 4118 1414 4122 -

212 4164 344 4218 dum
387 4160 653 4217 eumdem
689 4158 1050 4222 Ber-nardum,
1097 4159 1185 4213 est
1238 4158 1376 4213 obe-

210 4233 442 4302 dientia,
464 4231 560 4305 qni
588 4231 738 4288 bene
766 4228 1072 4286 comitatur
1083 4228 1333 4299 primum
1356 4245 1371 4298 3

212 4304 347 4378 quid
372 4303 528 4362 enim
558 4302 795 4376 prodest
819 4301 998 4362 verba
1026 4299 1127 4357 Dei
1155 4298 1376 4371 audire,

1503 527 1638 583 dum
1668 542 1738 582 ea
1761 524 1934 580 vitam
1957 540 2117 581 snam
2138 524 2385 597 dirigere
2402 526 2430 581 ‘?
2455 557 2520 568 -
2547 528 2676 583 Ter-

1501 597 1617 654 tius
1631 596 1796 670 panis
1811 600 1897 652 est
1914 594 2229 666 meditatio,
2247 595 2412 653 ethic
2428 598 2573 654 bene
2590 614 2681 654 co-

1504 668 1737 725 mitatur
1763 667 1904 723 dnos
1929 668 2348 739 praecedentem
2377 673 2678 743 postquam

1503 738 1716 796 etenim
1759 739 1935 795 verba
1974 738 2074 795 Dei
2109 739 2510 795 commendata
2547 746 2682 796 sunt

1504 810 1683 880 cordi,
1706 813 1764 867 et
1782 811 1866 867 eis
1885 811 2056 867 homo
2079 809 2277 866 statuit
2300 810 2555 879 obedire,
2579 826 2679 867 ne-

1504 898 1663 940 cesse
1686 888 1772 937 est
1799 880 2090 939 hominem
2118 880 2386 939 continue
2414 881 2678 939 meditari

1504 953 1750 1025 qualiter
1763 950 1934 1008 vitam
1957 968 2119 1008 snam
2135 953 2444 1015 secundum
2467 953 2568 1010 Dei
2591 954 2684 1013 be-

1506 1022 1849 1095 neplacitum
1869 1023 2154 1094 disponat.
2167 1054 2239 1064 —
2257 1025 2501 1091 Quartus
2520 1023 2685 1099 panis

1506 1099 1594 1151 est
1612 1093 1900 1151 orantium
1924 1094 2211 1168 lacrymae,
2232 1094 2328 1167 qui
2349 1095 2515 1171 panis
2536 1097 2684 1155 bene

1505 1164 1835 1237 adiungitur
1910 1164 2282 1237 praecedenti3
2344 1182 2474 1223 cum
2530 1166 2684 1226 enim

1506 1236 1817 1293 meditatur
1845 1241 2207 1308 peccatorum
2238 1254 2472 1299 snorum
2495 1238 2683 1299 sarci-

1504 1323 1663 1377 nam,
1702 1307 2000 1380 praesentis
2041 1307 2322 1367 incolatus
2367 1309 2683 1385 miseriam,

1504 1385 1561 1436 et
1590 1379 1722 1437 vitae
1751 1387 1982 1437 aeternae
2012 1379 2274 1450 gloriam,
2309 1396 2472 1437 suam
2504 1380 2684 1438 imbe-

1504 1450 1820 1521 cillitatem,
1850 1456 1906 1511 et
1936 1451 2036 1513 Del
2066 1467 2206 1523 erga
2248 1467 2308 1507 se
2338 1451 2677 1527 bonitatem,

1503 1522 1566 1579 in
1611 1523 1710 1579 tali
1752 1523 2123 1581 meditatione
2175 1523 2491 1583 exardescit
2540 1523 2685 1598 ignis

1503 1594 1847 1663 devotionis,
1879 1600 1937 1653 et
1966 1593 2275 1653 resolvitur
2295 1611 2392 1650 cor
2416 1595 2475 1652 in
2506 1595 2686 1670 lacry-

1504 1682 1630 1727 mas
1662 1665 2155 1739 compunctionis3
2187 1670 2245 1722 et
2273 1672 2411 1723 tnnc
2442 1665 2687 1723 recurrit

1504 1737 1580 1794 ad
1616 1737 1951 1823 praesidium
1994 1736 2293 1794 orationis.
2338 1768 2409 1780 —
2491 1740 2684 1794 uintus

1505 1825 1669 1880 panis
1698 1816 1785 1866 est
1808 1809 1972 1866 labor
1988 1808 2361 1879 poenitentiae,
2391 1813 2447 1865 et
2509 1808 2561 1865 ic
2593 1824 2686 1883 pa-

1503 1879 1595 1937 nis
1626 1883 1821 1954 utique
1849 1878 2207 1939 necessarius
2234 1885 2320 1954 est
2351 1879 2684 1953 incipienti-

1502 1952 1627 2019 bus,
1691 1952 1867 2010 etiam
1959 1960 2050 2008 ost
2102 1951 2246 2009 alios
2313 1951 2642 2029 praemissos
2667 1967 2683 2021 ;

1502 2022 1659 2094 quia,
1723 2039 1897 2081 secun
1940 2039 2039 2079 um
2094 2024 2495 2109 Aupustinum,
2566 2039 2683 2081 non

1501 2094 1714 2151 sufficit
1745 2110 1935 2151 mores
1972 2094 2033 2150 in
2067 2094 2270 2153 melius
2302 2099 2679 2157 commutare,

1501 2170 1561 2222 et
1588 2181 1624 2221 a
1652 2166 1819 2222 malis
1861 2165 2024 2222 sactis
2052 2166 2343 2235 recedere,
2379 2166 2491 2221 nisi
2520 2169 2578 2222 et
2612 2167 2682 2220 de

1501 2235 1590 2293 his
1617 2252 1745 2320 quae
1773 2237 1922 2293 facta
1944 2241 2078 2292 sunt
2103 2235 2421 2293 satisfacias
2445 2239 2558 2306 Deo
2578 2250 2682 2309 per

1541 2307 1924 2378 oenttentiam,
1949 2310 2203 2365 laborem
2224 2315 2281 2364 et
2305 2309 2582 2364 dolorem.
2619 2335 2682 2350 -

1499 2324 1702 2436 §extus
1730 2379 1896 2452 panis
1924 2383 2010 2435 est
2035 2379 2291 2451 jucunda
2336 2378 2681 2440 unanimitas

1499 2450 1752 2521 socialis,
1786 2456 1841 2506 et
1879 2452 1972 2506 liic
2022 2450 2169 2509 bene
2228 2450 2438 2508 dicitur
2488 2450 2679 2524 panis,

1500 2523 1635 2595 quia
1656 2523 1835 2593 pascit
1862 2527 1919 2579 et
1947 2523 2232 2579 confortat
2261 2522 2321 2579 in
2356 2523 2472 2579 vita
2500 2522 2682 2598 spiri-

1497 2594 1640 2650 tuali
1671 2594 1922 2654 viventes
1949 2592 2008 2648 in
2032 2593 2478 2668 congregatione
2504 2609 2683 2665 quan-

1498 2670 1622 2721 tum
1647 2664 1722 2720 ad
1754 2662 2106 2731 claustrales,
2138 2662 2311 2720 etiam
2338 2662 2595 2720 viventes
2620 2662 2680 2719 in

1499 2735 1906 2792 communione
1952 2733 2234 2798 Ecclesiae,
2282 2739 2558 2808 quantum
2606 2733 2680 2791 ad

1470 2805 1643 2877 ‚alios
1681 2805 2041 2877 incipientes.
2083 2834 2151 2845 -
2190 2805 2477 2880 Septimus
2514 2804 2679 2882 panis

1498 2885 1586 2933 est
1617 2876 2006 2945 Eucharistia3
2039 2880 2097 2932 et
2125 2877 2197 2933 de
2227 2878 2334 2933 hoc
2360 2893 2510 2958 pane
2538 2874 2680 2934 satis

1500 2946 1708 3004 dicitur
1740 2946 1876 3004 alibi
1908 2949 1965 3003 in
1996 2946 2235 3006 diversis
2268 2949 2426 3004 locis.

1577 3041 1634 3075 11
1674 3020 1885 3076 Serrani
1922 3036 2093 3076 rause
2131 3036 2563 3080 raomcmurmit.
2603 3049 2672 3060 -—

1500 3089 1743 3146 Prolatis
1765 3095 1982 3164 septem
2034 3089 2236 3147 anibus
2253 3089 2670 3173 incipientium,

1498 3167 1920 3233 consequenter
2013 3161 2313 3242 egustandi
2384 3168 2519 3224 sunt
2573 3161 2672 3219 alii

1499 3239 1719 3304 septem
1765 3231 2207 3304 proficientium.
2243 3231 2347 3290 Ubi
2389 3233 2682 3292 sciendum

1498 3304 1674 3430 ᾖιιοά,
1712 3305 1858 3360 sicut
1889 3303 2026 3362 dicit
2054 3304 2347 3376 Apostolus
2380 3322 2394 3361 ε
2425 3308 2548 3365 Non
2580 3321 2681 3361 vo-

1550 3377 1684 3444 nti3,
1723 3392 1898 3449 neque
1927 3378 2218 3443 currentis,
2241 3377 2338 3432 sed
2366 3379 2676 3433 miserentis

1497 3451 1581 3503 est
1607 3449 1744 3519 Dei3
1778 3451 2003 3517 oportet
2032 3445 2184 3505 enim
2216 3464 2447 3510 currere
2475 3448 2675 3510 volen-

1497 3522 1615 3574 tem
1643 3518 1705 3574 in
1738 3516 1830 3574 via
1855 3520 2143 3590 profectus
2172 3518 2486 3591 spiritualis
2511 3523 2671 3574 tota-

1496 3588 1628 3645 liter
1673 3589 1839 3646 inniti
1890 3589 2101 3646 divinae
2153 3589 2580 3656 misericordiae,
2617 3596 2675 3652 et

1495 3661 1567 3717 de
1601 3659 1766 3716 bonis
1799 3661 1921 3733 jam
1950 3660 2218 3735 pra-,stitis
2251 3658 2672 3718 misericordias

1492 3731 1724 3796 Domini,
1749 3747 1878 3787 cum
1907 3733 2220 3803 gratiarum
2254 3731 2479 3790 actione
2501 3730 2668 3805 jugi-

1491 3806 1581 3858 ter
1608 3806 1741 3858 ante
1772 3801 1977 3857 mentis
2002 3802 2197 3858 oculos
2223 3804 2469 3874 habere3
2504 3800 2666 3857 etsie

1489 3887 1714 3948 semper
1740 3872 1812 3927 ad
1842 3872 2079 3929 meliora
2132 3871 2340 3947 poterit
2369 3873 2667 3946 proficere.

1491 3946 1731 4015 Propter
1761 3943 1914 4014 qnod
1948 3946 2150 3999 beatus
2184 3945 2495 4000 Ber-nardus
2547 3959 2664 3999 om-

1489 4030 1592 4070 nes
1623 4014 2016 4071 miserationes
2049 4013 2268 4070 Domini
2301 4031 2438 4086 erga
2478 4032 2537 4071 se
2566 4031 2664 4070 re-

1488 4085 1766 4156 cogitans,
1797 4086 2020 4142 reducit
2051 4102 2148 4143 eas
2181 4087 2255 4143 ad
2283 4094 2503 4157 septem
2547 4102 2661 4162 pa-

1489 4173 1613 4225 neS,
1644 4156 1856 4229 quibus
1884 4173 2018 4214 eum
2040 4155 2314 4216 Dominus
2339 4157 2663 4218 misericor·

1487 4227 1638 4284 diter
1667 4228 1903 4291 reticere
1928 4229 2198 4306 dignatus
2217 4229 2341 4286 fuit.
2376 4232 2443 4287 Et
2464 4246 2568 4290 nos
2596 4228 2667 4286 dc

1485 4299 1702 4357 eisdem
1731 4299 1972 4373 panibus
2009 4300 2163 4358 vesci
2194 4301 2492 4372 debemus,
2523 4298 2573 4358 si
2604 4300 2668 4359 in
