3146 5023
454 359 608 413 noli.
665 356 1049 411 Excrrn’us
1101 359 1138 411 A
1192 358 1410 443 soemo
1466 358 1766 441 nimau
1819 360 2061 415 VENTIS
2118 363 2193 416 ΕΤ
2246 363 2433 418 Mam.
2619 369 2677 424 1³

218 474 282 526 nt
303 483 515 539 magna
542 466 800 522 turbatio
831 479 1107 536 moenum
1154 464 1399 537 discipu·

1508 472 1652 536 ctus,
1691 468 1749 523 id
1800 473 1887 526 est
1939 470 2120 527 malos
2156 473 2327 543 hujus
2369 479 2567 536 mundi
2603 481 2677 538 ad

217 540 289 599 h
310 540 598 596 incuteret
624 537 919 603 timorem,
946 542 1006 592 et
1052 551 1290 608 magnus
1320 538 1393 593 ti-
1504 538 1934 598 immittendnm
1966 544 2394 612 persecutiones
2432 550 2672 619 Sanctis,

216 626 345 670 mor
362 608 670 666 induceret
692 624 790 664 eos
814 608 893 664 ad
928 605 1232 663 clamosam
1271 623 1398 664 ora-

217 681 451 750 tionem,
486 687 552 737 et
603 680 854 736 clamosa
879 679 1069 734 oratio
1093 677 1396 735 induceret

214 751 503 812 ffiristum
543 751 619 807 ad
656 765 925 820 magnam
964 749 1221 805 miraculi
1250 766 1393 820 epe-

214 823 525 893 rationem,
557 828 615 879 et
643 836 915 894 magnum
944 820 1281 877 miraculum
1298 822 1392 878 in-

213 896 451 953 duceret
478 893 745 950 homines
769 893 842 948 ad
859 891 1034 948 iidem
1053 896 1108 947 et
1135 892 1393 949 admira-

210 965 448 1025 tionem.
492 965 658 1022 Unde
722 963 1119 1032 Augustinus:
1189 980 1220 1016 α
1260 964 1394 1020 Ideo

209 1042 558 1111 premuntur
588 1034 748 1106 justi,
784 1042 848 1090 ut
892 1034 1072 1105 pressi
1096 1033 1392 1105 clament,

210 1109 531 1167 clamantes
561 1107 958 1173 exaudiantur,
984 1105 1230 1161 exauditi
1265 1106 1392 1178 glo-

208 1179 445 1237 rificent
466 1180 670 1234 Deum.
697 1179 807 1233 Iste
830 1182 1025 1232 autem
1044 1176 1259 1232 clamor
1279 1193 1394 1233 non

211 1257 440 1308 tantum
492 1249 667 1306 debet
723 1247 851 1304 fieri
894 1262 1031 1303 voce
1084 1251 1141 1303 et
1193 1248 1393 1317 corde,

207 1321 309 1381 sed
346 1322 534 1387 etiam
561 1335 757 1389 apere,
788 1325 854 1374 ut
880 1317 1146 1374 insistant
1165 1318 1397 1390 iejuniis

208 1399 267 1477 et
291 1391 557 1519 eleggios
594 1391 702 1456 nis,
723 1396 781 1445 et
804 1389 1179 1446 macerationi
1198 1406 1398 1462 corpo-

207 1479 289 1523 τι
319 1480 338 1519 t
474 1478 506 1518 c

272 1541 313 1603 4
338 1537 591 1591 misnen
634 1549 757 1589 1s‘rA
801 1547 1075 1589 unicum
1096 1548 1264 1589 mus
1300 1548 1397 1588 nsi·

200 1607 510 1667 ssoemm.
543 1634 613 1647 —-
643 1605 876 1676 Mystico
904 1603 1057 1659 istud
1084 1607 1267 1674 potest
1299 1619 1397 1659 ex-

203 1680 346 1753 poni
390 1674 794 1734 diversimode.
834 1674 1030 1733 Primo
1066 1674 1397 1745 allegorice,

206 1753 385 1822 prout
404 1748 655 1819 pertinet
669 1746 745 1802 ad
769 1751 957 1802 totum
978 1761 1180 1815 corpus
1204 1744 1396 1802 Eccle-

204 1817 1125 1962 ffiliatmnassfigaadnffgffir
1134 1816 1400 1943 gaeeilsesiig

487 1934 502 1959 '
617 1959 630 1972 ο
985 1960 994 1971 ο

204 1960 1401 2100 tzt⁰ziffieitztffizgtffit¹ssssittz

204 2110 485 2176 tenpore
553 2103 929 2172 Antichristi,
962 2103 1074 2158 erit
1135 2106 1395 2173 angusta,

290 2177 304 2188 '
388 2181 531 2231 tunc
559 2174 729 2245 pauci
750 2177 919 2230 erunt
946 2172 1180 2241 fideles3
1210 2171 1398 2228 medio

206 2253 416 2306 nutem
465 2251 554 2302 est
591 2245 724 2312 lata,
750 2245 886 2316 quia
932 2245 1103 2301 modo
1140 2243 1284 2300 fides
1313 2249 1400 2298 est

206 2319 471 2377 animm
500 2315 755 2372 dilatata.
813 2317 878 2371 ln
913 2315 1021 2371 hac
1046 2315 1178 2370 navi
1222 2314 1399 2370 conti-

209 2395 437 2449 nentur
484 2387 704 2456 fideles,
733 2386 831 2458 qui
869 2402 1002 2443 cum
1039 2385 1264 2443 Christo
1296 2400 1397 2456 per

209 2475 383 2521 nne
406 2456 677 2516 seculiad
700 2472 939 2530 regnum
967 2457 1243 2514 coelorurn
1265 2471 1395 2527 per-

204 2534 486 2593 veniunt.
516 2531 672 2586 Hanc
700 2531 892 2600 itaque
909 2544 1116 2586 navem
1140 2528 1399 2585 ascendit

210 2604 507 2671 christus,
561 2616 665 2672 per
706 2601 963 2672 regimen
1018 2606 1078 2656 et
1109 2602 1396 2671 guberna-

210 2675 467 2744 tionem,
509 2673 644 2743 quia
677 2673 801 2744 ipse
833 2678 927 2729 est·
967 2677 1157 2728 rector
1207 2671 1398 2728 Eccle-

211 2747 320 2805 siae
362 2751 425 2800 et
472 2744 844 2816 gubernator,
882 2745 946 2799 in
987 2758 1101 2813 qua
1138 2742 1396 2812 discipuli

214 2816 619 2878 eontinentur,
648 2816 807 2872 Hanc
842 2820 1032 2871 antem
1059 2814 1317 2871 ascendit
1340 2815 1400 2869 in

218 2889 544 2960 Baptismm
598 2886 735 2957 quia
767 2885 1087 2955 Baptismus
1118 2891 1203 2943 est
1222 2886 1402 2957 janua

216 2963 735 3018 sacramentorum.
757 2958 824 3013 ln
840 2958 1086 3014 Ecclesia
1103 2972 1242 3028 ergo
1260 2963 1404 3012 tam-

220 3044 407 3104 qnam
450 3028 512 3084 in
557 3029 689 3085 navi
744 3043 965 3098 sumus,
1022 3032 1083 3085 et
1130 3027 1403 3083 Dominus

218 3101 529 3160 achiacum
592 3105 825 3171 propter
884 3114 990 3156 sua
1016 3103 1400 3156 sacramenta.

222 3172 345 3232 Sed
371 3176 572 3227 contra
616 3171 928 3227 Ecclesiam
954 3172 1098 3227 flant
1126 3169 1283 3226 venti
1299 3185 1400 3225 va-

218 3243 299 3302 rii
329 3246 391 3299 et
448 3242 622 3298 validi
657 3242 967 3312 malorum,
1014 3248 1073 3298 et
1108 3242 1403 3297 elevantur

222 3316 440 3374 luem
485 3318 687 3370 contra
732 3329 882 3382 eam,
921 3319 985 3369 ut
1022 3315 1105 3369 sic
1139 3311 1403 3369 navicula

224 3385 398 3459 qnasi
447 3383 739 3456 operiatur
782 3385 1065 3452 fluctibus,
1114 3381 1405 3456 submergi

226 3463 427 3515 tanen
486 3471 605 3512 non
635 3461 839 3526 potest.
871 3457 942 3511 Et
970 3456 1121 3512 inter
1148 3456 1272 3511 haec
1289 3470 1408 3511 om-

225 3528 330 3587 nia
357 3527 616 3584 Christus
644 3528 894 3583 dormire
918 3527 1166 3596 videtur,
1206 3531 1264 3582 et
1288 3541 1406 3581 non

225 3598 572 3667 attendere3
618 3600 753 3669 quia
782 3642 800 3669 ‚
850 3598 1165 3655 secundum
1217 3598 1409 3666 Θήρα-

231 3685 379 3734 nen,
431 3670 765 3741 patientiam
795 3670 1099 3738 bonorum,
1139 3673 1197 3724 et
1226 3670 1404 3737 poeni-

228 3742 477 3799 tentiam
500 3739 807 3811 impiorum
834 3746 1121 3812 exspectat
1149 3757 1166 3797 ε
1200 3739 1408 3797 Christi

233 3813 392 3868 enim
441 3811 709 3868 dormitio
761 3817 846 3868 est
885 3810 1076 3868 divina
1117 3813 1178 3868 in
1232 3811 1410 3868 tribu-

230 3881 554 3942 amnibus
600 3883 898 3954 permissio
923 3900 943 3953 ς
972 3883 1074 3954 qui
1110 3882 1405 3953 excitatur,

395 3954 469 4009 do
505 3953 787 4016 bonorum
828 3956 1095 4025 precibus
1130 3955 1405 4025 pulsatur.

314 4025 583 4082 cedamus
632 4041 769 4098 ergo
801 4026 875 4081 ad
900 4042 1031 4083 eum
1060 4068 1080 4095 ‚
1118 4026 1408 4083 dicentes:

228 4098 518 4167 hamos,
578 4112 752 4168 quare
785 4096 1087 4166 obdormis,
1159 4098 1408 4161 Domine,

585 1463 903 1530 agustinus.
940 1479 973 1514 υ

229 4182 490 4237 mae,
522 4172 665 4224 etue
707 4169 945 4239 repellas
972 4170 1032 4226 in
1061 4171 1241 4240 finem.
1286 4169 1409 4237 Ipse
1466 4233 1469 4236 Α

226 4246 426 4298 autem
466 4245 747 4311 exsurget,
778 4243 837 4295 et
862 4238 1174 4312 imperabit
1199 4237 1405 4308 ventis,

228 4310 293 4371 id
328 4315 419 4370 cst
445 4310 820 4385 daemonibus,
849 4312 953 4386 qui
985 4311 1276 4370 concitant
1297 4310 1406 4367 flu-

1504 607 1791 683 facietque
1854 615 2330 684 tranquillitatem
2387 636 2677 694 magnam,

1508 697 1706 750 pacem
1738 684 2024 754 Ecclesiae,
2052 691 2110 742 et
2126 688 2493 748 serenitatem
2522 708 2680 751 mun-

1505 752 1579 807 do
1604 769 1704 824 per
1724 757 2097 813 cessationem
2126 760 2512 819 tribulationis
2543 779 2679 822 con·

1470 823 1784 892 .t'erendo,
1844 827 1934 884 vel
1997 830 2327 899 patientiam
2389 835 2676 893 tribulat&

1505 894 1716 955 dando.
1769 898 1852 954 De
1876 899 1987 955 ista
2009 900 2140 956 navi
2176 903 2257 959 sic
2284 904 2423 961 dicit
2450 908 2677 976 Chryso-

1501 971 1755 1024 stomus:
1812 987 1842 1023 α
1889 972 2012 1027 Non
2065 972 2302 1033 dubium
2338 983 2423 1033 est
2472 993 2675 1035 navem

1504 1038 1671 1120 istam
1729 1041 2039 1100 Ecclesiam
2070 1043 2366 1116 figurasse,
2399 1063 2549 1120 quae,
2582 1064 2678 1106 na-

1503 1110 1829 1192 vigantibus
1857 1114 2159 1185 Apostolis‚
2189 1118 2545 1188 gubernante
2567 1122 2676 1177 Do-

1504 1196 1683 1246 mino,
1745 1184 1920 1267 qante
1980 1186 2193 1257 Spiritu
2249 1190 2479 1257 Sancto,
2532 1207 2679 1260 pra·

1504 1250 1812 1310 dicatioms
1870 1258 2048 1313 verbo
2102 1258 2312 1329 ubique
2372 1261 2680 1331 discurrit;

1505 1330 1742 1406 portans
1763 1341 1956 1383 secum
1987 1343 2260 1396 maguum
2287 1330 2679 1389 inaestimabile

1506 1400 1775 1466 pretium.
1827 1412 1940 1467 quo
2004 1404 2189 1456 totum
2237 1402 2514 1459 mundum
2556 1418 2682 1461 san—

1506 1466 1680 1538 guine
1712 1467 1920 1523 Christi
1953 1477 2204 1527 mercata
2234 1478 2336 1530 est.
2368 1476 2520 1530 Mare
2545 1490 2679 1532 vcro

1507 1536 1765 1620 seculum
1797 1540 2156 1622 intelligitur,
2188 1544 2341 1613 quod
2377 1559 2413 1599 a
2440 1545 2679 1603 diversis

1508 1614 1758 1679 peccatis
1795 1616 1853 1666 et
1876 1612 2050 1668 variis
2076 1614 2487 1671 tentationibus
2526 1616 2680 1673 velut

1505 1680 1845 1752 quibusdam
1891 1683 2156 1740 fluctibus
2201 1690 2404 1742 aestuat
2449 1703 2466 1756 ;
2524 1687 2681 1744 venti

1505 1759 1698 1808 autem
1752 1755 2024 1824 nequitiae
2075 1756 2400 1825 spirituales
2468 1763 2527 1813 et
2579 1759 2682 1816 im-

1507 1822 1707 1880 mundi
1753 1827 1994 1906 ·spiritus
2022 1828 2436 1900 intelliguntur,
2467 1829 2567 1901 qui
2603 1830 2677 1887 ad

1505 1895 1867 1967 nauli-agium
1917 1897 2202 1967 Ecclesiae,
2257 1916 2360 1970 per
2426 1900 2678 1958 diversas

1505 1967 1680 2029 seculi
1732 1967 2102 2037 tentationes,
2154 1971 2307 2026 velut
2335 1987 2442 2042 per
2471 1973 2677 2029 fluctus

1506 2037 1702 2103 maris,
1742 2038 2077 2096 desaeviunt.
2113 2042 2373 2097 Dormire
2412 2058 2547 2099 vero
2574 2045 2678 2099 Do-

1506 2109 1702 2165 minus
1741 2107 1800 2164 in
1829 2110 1936 2166 hac
1964 2110 2100 2167 navi
2142 2112 2499 2183 intelligitur,
2548 2129 2678 2171 cum

1504 2178 1581 2237 ad
1596 2178 1990 2248 probationem
2010 2181 2166 2253 fidei,
2186 2183 2493 2239 Ecclesiam
2519 2198 2680 2241 suam

1506 2252 1784 2332 pressuris
1840 2257 1899 2309 et
1955 2252 2436 2323 persecutionibus
2485 2255 2680 2312 mundi

1504 2323 1665 2377 istms
1686 2322 1896 2379 tentari
1919 2326 2216 2395 permittit.
2245 2326 2518 2383 Excitatio
2543 2342 2679 2384 tero

1506 2393 1912 2463 discipulorum
1958 2397 2327 2454 excitantium
2375 2399 2678 2455 Dominum

1506 2465 1845 2523 etauxilium
1872 2467 2323 2540 implorantium,
2351 2476 2414 2526 ut
2435 2470 2679 2528 liberen-

1505 2542 1620 2607 tur,
1671 2552 1867 2608 preces
1913 2540 2251 2598 Sanctorum
2290 2544 2547 2598 omnium
2576 2556 2665 2598 os-

1504 2608 1840 2690 tenduntur.
1902 2611 1971 2666 Et
1996 2614 2253 2683 quamvis
2304 2611 2667 2669 infestatione

1506 2680 1724 2735 inimici
1779 2681 2030 2738 Ecclesia
2081 2684 2168 2740 vel
2223 2685 2402 2741 seculi
2451 2690 2673 2755 tempe-

1504 2757 1651 2807 state
1701 2750 1941 2822 laboret,
1972 2756 2231 2825 quamvis
2289 2757 2675 2812 tentationum

1507 2821 1775 2877 fluctibus
1800 2823 2070 2892 pulsetur,
2103 2826 2463 2896 naufragium
2482 2829 2678 2880 tamen

1506 2892 1864 2947 facere.non
1901 2901 2105 2962 potest,
2160 2896 2296 2965 quia
2328 2897 2430 2950 Dei
2469 2895 2676 2950 Filium

1508 2962 1685 3019 habet
1700 2962 2160 3032 gubernatorem.
2191 2966 2511 3032 Interipsos
2522 2964 2679 3020 enim

1508 3033 1768 3088 turbines
1825 3033 2042 3099 mundi,
2100 3032 2251 3088 inter
2308 3033 2456 3102 ipsas
2507 3033 2681 3089 seculi

1513 3103 1953 3175 persecutiones,
1982 3104 2105 3175 plus
2170 3104 2332 3161 lorioe
2355 3121 2421 3161 ac
2451 3104 2678 3163 virtutis

1510 3172 1777 3245 acquirit,
1817 3174 1950 3232 dum
1991 3173 2053 3232 in
2083 3176 2120 3232 fi
2162 3193 2193 3233 e
2226 3175 2392 3234 firma
2411 3183 2470 3235 et
2508 3176 2682 3235 indis-

1512 3244 1740 3302 solubili
1771 3252 2085 3315 permanet.
2113 3248 2352 3323 Navigat
2406 3248 2560 3306 enim
2588 3250 2682 3308 in·

1513 3321 1730 3374 structa
1751 3317 1883 3374 fidei
1917 3320 2325 3391 gubernaculo,
2348 3321 2495 3378 felici
2515 3337 2683 3380 cursu

1514 3404 1618 3461 per
1649 3388 1820 3462 hujus
1845 3392 2020 3448 seculi
2053 3408 2228 3462 mare,
2257 3394 2473 3451 habens
2503 3395 2682 3452 Deum

1515 3461 1980 3534 gubernatorem,
2003 3464 2248 3537 Angelos
2271 3468 2539 3539 remiges,
2562 3481 2687 3537 por«-

1514 3537 1643 3587 tans
1664 3533 1865 3588 choros
1888 3536 2144 3592 omnium
2170 3538 2530 3605 Sanctorum,
2560 3552 2685 3593 erc-

1516 3607 1608 3659 cta
1657 3603 1719 3660 in
1774 3605 1963 3664 medio
2020 3608 2142 3677 ipsa
2191 3609 2426 3664 salutari
2479 3608 2687 3662 arbore

1508 3675 1722 3743 crucis,
1757 3675 1819 3731 in
1844 3693 1957 3747 qua
2004 3680 2361 3750 Evangelicae
2389 3677 2523 3733 fidei
2561 3675 2688 3732 vela

1512 3747 1884 3815 suspendens,
1913 3749 2089 3805 flante
2112 3750 2326 3818 Spiritu
2354 3750 2584 3814 Sancto,
2612 3746 2686 3801 ad

1515 3823 1743 3887 portum
1776 3818 2044 3886 paradisi.
2073 3826 2131 3874 et
2152 3819 2518 3874 securitatem
2556 3817 2685 3887 qui-

1516 3887 1624 3943 etis
1664 3890 1896 3943 aeternae
1927 3881 2260 3945 deducitur:
2293 3907 2328 3941 »
2354 3888 2479 3942 haec
2506 3887 2682 3956 ctu-y-

1514 3960 1810 4014 sostomus.

1591 4030 1622 4082 5
1660 4028 2000 4084 Amsomcu
2035 4041 2204 4082 mus
2240 4042 2336 4082 ssr
2377 4043 2562 4086 cnums
2590 4029 2697 4086 Do-

1518 4113 1733 4156 namus.
1759 4128 1827 4140 —
1850 4098 1975 4153 Alio
2005 4100 2173 4153 modo
2204 4099 2312 4153 hoc
2331 4098 2483 4154 idem
2518 4107 2699 4171 potest

1520 4168 1728 4240 exponi
1767 4169 2094 4241 allegorice,
2141 4176 2311 4240 prout
2351 4171 2598 4241 pertinet
2621 4177 2696 4231 ad

1520 4246 1690 4312 caput
1733 4241 2020 4311 Ecclesiae,
2079 4242 2233 4314 quod
2283 4248 2370 4298 est
2416 4242 2692 4310 Christus.

1522 4318 1586 4369 ut
1616 4312 1879 4372 navicula
1926 4328 2101 4388 quam
2147 4313 2408 4372 Christus
2438 4316 2696 4375 ascendit
