3146 5023
650 352 735 404 DE
790 349 1287 407 HAEMORRHOICA
1339 353 1419 407 Er
1469 354 2020 411 Ancnlsnucool
2075 354 2288 410 mu.
2641 361 2706 416 29

258 480 399 521 vero
448 466 613 517 vocat
660 465 942 529 sanatam,
999 459 1129 515 fidei
1167 459 1420 517 ratione:

258 536 401 592 fides
447 534 597 589 enim
648 529 854 588 Christi
934 530 1037 585 Dei
1091 528 1422 586 filiationem

296 611 504 662 rffitat.
567 621 597 657 »
655 601 982 659 Notandum
1041 601 1231 668 etiam,
1267 602 1418 671 quod

306 677 530 732 ominus
553 688 671 730 non
692 673 850 737 dixit,
878 687 982 742 ego
1003 672 1198 727 sanavi
1222 676 1299 741 te,
1325 671 1422 726 sed

253 748 392 804 fides
420 753 541 814 tua,
572 751 634 800 ut
664 743 956 800 vitandam
985 742 1420 798 ostentationem

253 817 486 887 doceat,
515 823 687 886 atque
719 815 985 870 meritum
1011 811 1143 868 fidei
1172 813 1420 868 extollat.

251 890 432 959 Unde,
461 887 777 944 secundum
804 885 1066 941 eumdem
1102 885 1419 953 chrysosto-

248 976 421 1028 mum,
476 958 750 1013 Dominus
786 955 887 1025 ait,
935 954 1084 1026 quod
1131 953 1274 1010 fides
1323 971 1425 1009 sua

249 1033 432 1102 ipsam
478 1034 801 1092 sanaverat,
838 1027 1039 1082 nolens
1072 1041 1187 1081 suae
1229 1024 1423 1081 virtuti

246 1101 343 1158 sed
401 1098 539 1156 fidei
583 1101 705 1171 ejus
762 1097 1024 1154 sanitatis
1085 1095 1419 1154 beneficium

247 1187 549 1243 arrogare,
580 1170 789 1226 docens
814 1184 916 1240 per
938 1170 1046 1225 hoc
1072 1167 1132 1223 in
1158 1166 1425 1223 virtuosis

247 1241 479 1300 actibus
543 1240 770 1308 nostriS,
832 1254 946 1294 non
997 1244 1271 1307 nostram,
1326 1238 1424 1293 sed

246 1314 357 1370 Dei
387 1313 635 1381 laudem,
663 1327 920 1383 quaerere
946 1311 1153 1367 debere
1184 1315 1242 1364 et
1280 1324 1422 1377 prae-

247 1386 472 1440 dicare.
528 1386 599 1439 Et
642 1383 864 1439 addidit
915 1381 1227 1437 Dominus:
1271 1381 1426 1437 Vade

242 1459 308 1512 in
332 1471 497 1527 pace,
546 1471 669 1524 quae
720 1453 936 1509 scilicet
983 1453 1132 1522 prius
1182 1466 1307 1506 cras
1365 1451 1424 1506 in

246 1525 710 1598 perturbatione,
747 1529 978 1594 propter
1004 1523 1229 1593 longam
1262 1521 1423 1576 infir·

242 1598 512 1653 mitatem
540 1604 691 1651 tuam
729 1595 1102 1666 corporalem.
1136 1593 1239 1648 Ubi
1269 1591 1422 1649 idem

247 1670 673 1736 chrysostomus
733 1685 749 1720 .·
811 1687 833 1717 ι
874 1667 1022 1721 Dicit
1071 1671 1260 1719 autem
1298 1663 1349 1719 ei
1408 1681 1422 1719 ε

247 1740 413 1798 Vade
441 1742 504 1793 in
524 1754 681 1809 pace,
714 1737 943 1793 mittens
973 1737 1029 1791 in
1056 1735 1228 1790 finem
1252 1735 1427 1790 bono-

241 1826 401 1876 rum,
438 1812 497 1865 in
530 1825 666 1880 pace
707 1810 857 1864 enim
904 1808 1051 1863 Deus
1099 1805 1338 1876 habitat,
1367 1812 1429 1861 ut

241 1887 581 1953 cognoscat,
614 1881 765 1951 quod
806 1894 920 1935 non
960 1878 1141 1934 solum
1191 1892 1428 1947 corpore

241 1959 452 2009 curata
498 1958 603 2020 est,
637 1953 733 2006 sed
788 1952 959 2005 etiam
1004 1965 1038 2004 a
1076 1949 1260 2002 causis
1306 1964 1429 2002 cor-

240 2024 466 2094 poralis
498 2023 789 2091 passionis,
821 2022 877 2076 id
906 2026 990 2076 est
1016 2019 1278 2089 peccatiS,
1306 2033 1429 2074 mu-

237 2101 388 2150 tata.
423 2114 453 2143 >›
480 2096 555 2149 Et
580 2095 739 2148 salva
764 2096 918 2160 facta
968 2095 1047 2145 est
1097 2090 1313 2157 mulier,
1362 2105 1431 2144 eze

236 2166 354 2222 illa
384 2166 541 2222 hora.
568 2183 599 2218 »
620 2165 725 2220 Ubi
746 2162 824 2220 ait
843 2163 1056 2220 Glossa:
1077 2160 1433 2233 «Intelligen-

239 2236 384 2293 dum
437 2243 523 2292 est
558 2235 629 2291 θῶ
680 2237 782 2290 iHa
810 2237 966 2303 hora,
994 2250 1058 2288 ex
1097 2247 1207 2302 qua
1242 2232 1429 2303 tetigit

241 2308 567 2377 fimbriam,
604 2323 718 2361 non
751 2322 816 2362 ex
857 2304 953 2361 illa
1004 2306 1164 2370 hora,
1198 2320 1264 2359 ex
1316 2318 1428 2373 qua

239 2380 410 2435 Jesus
434 2393 742 2433 conversus
767 2382 848 2433 est
872 2377 943 2431 ad
965 2390 1088 2430 eam
1110 2391 1125 2442 ;
1138 2376 1258 2445 jam
1274 2376 1423 2430 enim

238 2449 401 2506 salva
433 2449 585 2504 facta
610 2455 751 2510 erat.
805 2453 866 2503 ut
893 2462 958 2502 ex
985 2446 1170 2501 verbis
1199 2443 1427 2501 Domini

241 2521 527 2592 perpendi
559 2526 760 2590 potest.
798 2538 828 2573 »

318 2597 350 2649 5
382 2593 519 2659 Qus-2
568 2609 758 2646 rumm-
808 2607 921 2646 mec
967 2591 1211 2645 nunna?
1240 2607 1304 2644 m·
1356 2606 1425 2646 ns

244 2681 457 2720 sums
483 2680 555 2718 AB
586 2680 704 2718 IPSA
735 2664 969 2718 Cmusro
998 2678 1219 2718 Enseu.
1251 2691 1320 2701 —
1348 2662 1426 2716 Ex

242 2736 438 2791 verbis
474 2734 762 2790 Ambrosii
799 2734 1156 2804 quibusdam,
1197 2732 1424 2788 videtur

244 2807 398 2877 quod
428 2807 555 2862 haec
586 2805 790 2860 mulier
823 2807 1046 2862 Martha
1075 2799 1287 2870 fuerin
1325 2801 1424 2873 qui

246 2879 308 2931 in
347 2878 599 2947 quodam
634 2891 917 2942 sermone,
953 2878 1102 2932 inter
1145 2873 1425 2930 beneficia

245 2946 462 3003 Christi
530 2963 657 3017 quae
709 2953 1024 3017 enumerat,
1091 2947 1172 3001 sic
1215 2946 1352 3001 dicit
1408 2961 1422 3002 ε

252 3039 274 3069 ι
290 3019 442 3074 Dum
469 3019 692 3090 largum
717 3019 1007 3090 sanguinis
1030 3019 1239 3073 fluxum
1259 3016 1430 3072 sicca·

249 3089 331 3144 vit
358 3090 416 3144 in
448 3090 688 3158 Martha,
724 3090 857 3144 dum
898 3090 1181 3146 daemones
1219 3086 1428 3157 expulit

246 3162 319 3217 de
353 3161 555 3230 Maria,
588 3161 721 3216 dum
756 3176 956 3230 corpus
990 3157 1227 3216 redivivi
1256 3159 1424 3228 spiri·

245 3237 338 3288 tus
375 3231 569 3287 calore
619 3231 955 3288 constrinxit
998 3230 1058 3286 in
1110 3229 1346 3287 Lazaro,
1390 3246 1420 3281 »

245 3302 359 3359 Sed
413 3319 482 3358 ex
537 3301 657 3358 istis
698 3303 885 3358 verbis
933 3303 1236 3371 Ambrosii,
1278 3300 1422 3357 bene

245 3374 517 3437 habetur,
552 3374 703 3443 quod
748 3375 965 3429 Martha
995 3371 1165 3429 fuerit
1193 3388 1227 3426 a
1255 3371 1420 3427 Chri-

247 3452 334 3501 sto
376 3452 580 3500 curata
608 3460 644 3499 a
690 3445 844 3499 fluxu
890 3442 1219 3516 sanguinis;
1271 3442 1423 3513 quod

247 3523 445 3573 autem
483 3516 705 3571 Martha
737 3514 908 3570 fuerit
946 3516 1070 3571 haec
1108 3511 1313 3569 mulier
1353 3512 1421 3568 de

288 3603 362 3642 ua
392 3588 489 3643 hic
515 3588 721 3658 agitur.
740 3601 856 3642 non
881 3587 1124 3643 habetur
1150 3601 1216 3640 ex
1237 3583 1423 3639 verbis

249 3658 267 3713 i
293 3659 403 3727 lis;
438 3663 497 3713 et
524 3657 672 3728 quod
709 3656 834 3712 haec
866 3657 1072 3713 mulier
1105 3671 1217 3711 non
1249 3653 1423 3710 fuerit

247 3728 496 3798 Martha,
529 3744 592 3783 ex
629 3729 738 3784 hoc
770 3729 1015 3796 videtur,
1054 3728 1187 3798 quia
1219 3726 1289 3782 de
1316 3725 1423 3781 hac

248 3798 495 3854 muliere
518 3799 725 3855 dicitur
744 3800 895 3869 quod
921 3813 1147 3854 omnem
1170 3797 1424 3853 substan-

247 3870 393 3926 tiam
430 3885 590 3926 suam
642 3870 702 3926 in
754 3870 1007 3927 medicos
1058 3871 1390 3940 erogaverat
1400 3884 1418 3936 3

244 3941 474 3997 Martha
499 3946 690 3996 autem
729 3941 885 3996 dives
912 3945 1054 3997 erat.
1096 3941 1211 3995 Hoc
1249 3940 1422 3994 etiam

244 4018 410 4082 patet
446 4027 548 4082 per
594 4012 910 4080 Eusebium,
1000 4011 1058 4066 ui
1113 4009 1248 4065 dicit
1276 4011 1422 4064 hanc

243 4081 549 4138 mulierem
586 4082 757 4138 fuisse
796 4097 964 4152 quam
1008 4096 1099 4137 am
1148 4081 1419 4152 Caesareae

245 4153 502 4223 Philippi
529 4152 731 4209 civem.
757 4152 1236 4218 Nam,secundum
1266 4165 1415 4218 eum,

247 4224 459 4280 mulier
508 4224 944 4291 haemorrhoica,
997 4228 1123 4294 post
1167 4238 1297 4278 uam
1335 4236 1423 4276 sa·

246 4302 387 4351 nata
429 4298 538 4364 est,
577 4293 712 4350 fecit
749 4295 809 4349 in
850 4295 1109 4351 Caesarea
1198 4292 1417 4363 bilippi,

1538 465 1688 520 unde
1737 463 1979 521 oriunda
2026 471 2134 533 est,
2170 471 2414 523 statuam
2461 483 2701 540 aeneam,

1489 536 1595 606 ‚in
1646 534 1805 591 curia
1858 550 1960 591 sua
2018 535 2144 593 fieri
2176 578 2190 603 ,
2243 538 2316 593 ad
2390 539 2698 610 imaginem

1537 606 1768 688 Christi,
1790 622 1917 688 cum
1946 605 2185 689 fimbriis
2208 608 2333 690 ejus
2360 610 2704 682 vestimenti3

1538 692 1716 747 ipsam
1762 693 1829 732 ue
1859 692 2165 749 imaginem
2204 695 2263 735 in
2302 695 2512 751 magna
2539 695 2701 737 reve·

1537 748 1723 828 rentia
1783 748 1992 829 abebat
2018 793 2033 818 ,
2063 755 2119 806 et
2143 750 2345 807 devote
2394 751 2697 810 adorabat.

1539 820 1695 874 Fecit
1731 824 1925 885 etiam,
1990 836 2057 876 ex
2093 822 2370 893 opposito,
2400 822 2709 892 imaginem

1537 905 1717 971 suam,
1772 890 1930 946 flexis
1999 893 2233 962 genibus
2259 935 2276 961 ,
2336 898 2393 949 et
2443 892 2702 950 manibus

1534 966 1747 1030 junctis
1772 976 1839 1015 ac
1869 963 2211 1023 cancellatis.
2244 964 2400 1035 quasi
2434 979 2699 1033 precare·

1538 1038 1635 1113 tur
1662 1038 1718 1085 et
1745 1032 2107 1102 supplicaret,
2135 1050 2325 1090 versus
2354 1051 2522 1106 quam
2558 1038 2700 1092 ima-

1599 1117 1727 1158 nem
1790 1102 2000 1158 Christi
2053 1119 2283 1160 manum
2343 1107 2702 1163 extendebat.

1582 1173 1789 1241 ontigit
1841 1178 2032 1230 autem
2069 1175 2222 1245 quod
2269 1176 2463 1233 subtus
2500 1176 2698 1246 imagi·

1537 1250 1671 1300 nem
1710 1243 1936 1313 Christi,
1984 1246 2162 1302 crevit
2196 1246 2375 1302 herba
2413 1247 2699 1317 quaedam,

1538 1315 1748 1370 nullius
1776 1314 2044 1370 efficaciae
2073 1323 2130 1372 et
2152 1317 2396 1378 virtutis,
2419 1332 2547 1387 quae
2572 1330 2701 1371 cum

1538 1385 1826 1441 fimbriam
1877 1386 2212 1456 attingebat,
2259 1392 2429 1442 tantae
2485 1385 2706 1443 virtutis

1540 1461 1684 1523 erat,
1717 1455 1867 1524 quod
1908 1471 2101 1511 omnes
2149 1455 2504 1514 infirmitates
2549 1474 2710 1517 sana·

1541 1528 1657 1583 bat.
1702 1528 1914 1581 Iterum
1961 1526 2097 1581 dicit
2144 1529 2524 1597 Hieronymus,
2555 1530 2705 1600 quod

1541 1598 1800 1654 Julianus
1836 1598 2125 1667 Apostata,
2180 1613 2306 1652 cum
2354 1602 2708 1667 cognovisset

1540 1669 1693 1738 quod
1724 1669 1782 1723 in
1810 1668 2070 1724 Caesarea
2099 1668 2343 1739 Philippi
2372 1674 2516 1725 esset
2541 1670 2712 1725 simu-

1542 1741 1781 1809 lacrum,
1822 1740 1973 1809 quod
2006 1740 2220 1795 scilicet
2247 1739 2536 1811 sanguinis
2563 1740 2710 1796 libe·

1540 1817 1664 1867 rata
1694 1809 1968 1881 profluvio
1998 1809 2210 1867 femina
2238 1810 2468 1881 fecerat,
2503 1827 2571 1867 eo
2616 1811 2711 1869 de-

1546 1884 1746 1953 posito,
1766 1898 1926 1938 suam
1962 1882 2267 1954 imaginem
2288 1882 2365 1939 ihi
2386 1881 2702 1955 collocavit,

1545 1969 1669 2024 quae
1698 1953 1952 2008 fulminis
1976 1953 2090 2008 ictu
2112 1954 2290 2009 fracta
2323 1960 2429 2009 est.

1616 2030 1649 2081 6
1676 2026 1942 2091 Quouono
1969 2041 2056 2078 mc
2083 2041 2472 2080 counimus-run
2494 2043 2707 2082 nuum-

1542 2096 1682 2150 us‘?
1737 2125 1799 2137 —
1861 2093 1962 2150 Hic
2008 2095 2183 2150 habes
2220 2095 2502 2164 quoddam
2546 2097 2709 2154 valde

1543 2165 1817 2233 notabile,
1860 2166 1933 2220 ad
1994 2164 2329 2221 humilitatis
2376 2165 2706 2236 custodiam,

1540 2239 1685 2292 sicut
1710 2236 2032 2292 Ber-nardus
2060 2236 2167 2291 hoc
2188 2236 2357 2290 modo
2377 2235 2703 2308 introducit,

1540 2309 1780 2365 dicens:
1824 2327 1846 2359 ι
1889 2307 2136 2374 Quilibet
2181 2306 2418 2363 Domino
2460 2307 2707 2377 perfecte

1538 2380 1789 2436 serviens
1838 2384 2020 2448 potest
2090 2377 2362 2451 appellari
2427 2378 2656 2437 fimbria
2686 2421 2702 2451 ‚

1540 2450 1701 2523 quasi
1726 2450 1923 2505 ultima
1954 2465 2083 2521 pars
2111 2448 2426 2506 vestimenti
2455 2450 2701 2523 Domini,

1539 2528 1769 2592 propter
1794 2538 1952 2578 suam
1970 2523 2240 2578 humilem
2264 2523 2702 2593 reputationem.

1541 2592 1647 2660 Qui
1704 2608 1840 2664 ergo
1888 2593 1960 2648 ad
1993 2597 2216 2649 tantum
2255 2597 2464 2649 statum
2503 2607 2702 2662 perve-

1539 2664 1708 2732 nerit,
1740 2663 1891 2734 quod
1919 2665 2061 2718 sciat
2091 2679 2151 2719 se
2191 2680 2222 2718 a
2259 2662 2500 2718 Domino
2529 2678 2700 2719 exau·

1539 2736 1650 2791 diri
1686 2736 1744 2790 in
1789 2734 2098 2791 liberandis
2140 2735 2401 2803 infirmis,
2441 2734 2528 2790 vel
2576 2734 2705 2790 aliis

1541 2805 1852 2880 miraculiS,
1885 2821 2002 2861 non
2030 2805 2331 2861 extollatur
2360 2811 2662 2884 propterea
2685 2820 2702 2872 ;

1542 2877 1676 2946 quia
1713 2890 1827 2930 non
1880 2876 2020 2946 ipse,
2070 2876 2171 2931 sed
2222 2878 2493 2929 Dominus
2543 2872 2694 2928 facit.

1544 2945 1812 3013 Quamvis
1841 2946 1994 3000 enim
2033 2944 2157 2998 haec
2209 2942 2414 2998 mulier
2448 2947 2710 3012 tangeret

1543 3015 1851 3077 fimbriam,
1894 3013 1966 3069 ad
2013 3014 2174 3083 cujus
2213 3017 2426 3067 tactum
2477 3025 2537 3065 se
2574 3009 2709 3065 libe·
2796 3020 2803 3026 ·

1543 3087 1659 3142 rari
1704 3082 2045 3146 confidebat,
2078 3087 2136 3137 et
2182 3082 2263 3138 sic
2303 3079 2560 3151 contigit,
2592 3095 2708 3136 non

1541 3163 1733 3213 tamen
1762 3171 1796 3211 a
1833 3153 2082 3223 fimbria,
2116 3155 2214 3210 sed
2252 3169 2286 3209 a
2330 3154 2570 3207 Domino
2598 3151 2708 3207 vir-

1541 3236 1633 3284 tus
1679 3223 2033 3282 liberationis
2082 3225 2270 3282 exivit.
2306 3226 2373 3280 Et
2408 3229 2706 3294 propterea

1540 3300 1659 3369 ipse
1694 3298 1833 3360 dixit
1864 3314 1878 3353 :
1902 3299 2062 3355 Sensi
2096 3297 2164 3352 de
2188 3313 2274 3352 me
2295 3299 2555 3352 virtutem
2582 3297 2706 3351 eaei-

1538 3373 1686 3437 isse3
1721 3375 1853 3425 nota
1897 3368 2070 3440 igitur
2107 3370 2215 3425 hoc
2262 3370 2427 3437 bene,
2462 3372 2520 3423 et
2561 3366 2706 3423 nihil

1538 3442 1675 3498 boni
1733 3441 1834 3497 tibi
1903 3440 1962 3496 in
2012 3446 2349 3511 perpetuum
2404 3439 2699 3507 attribuas,

1537 3513 1674 3583 quia
1700 3518 1879 3568 totum
1908 3515 1992 3567 est
2018 3527 2053 3567 a
2089 3513 2350 3567 Domino.
2390 3531 2413 3562 ι

1607 3607 1638 3656 7
1693 3585 1951 3640 Eccnssu
2001 3582 2247 3640 Gaurum
2305 3599 2371 3637 m·
2429 3593 2703 3644 nummum·

1534 3672 1820 3710 rnccsrmx
1847 3671 1949 3711 mm
1979 3668 2408 3710 uuomomu
2454 3663 2698 3727 mneo-

1532 3743 1652 3782 mcs
1698 3742 1895 3782 roras-r
1937 3741 2226 3781 uri-suam.
2282 3754 2344 3762 --
2381 3721 2696 3796 Allegorice

1532 3797 1740 3862 mulier
1767 3811 1869 3852 san
1911 3797 2042 3849 uine
2059 3797 2260 3861 fluens,
2276 3790 2375 3847 sed
2394 3805 2428 3844 a
2454 3791 2694 3842 Domino

1531 3870 1855 3931 curata,est
1927 3861 2132 3918 cclesia
2153 3863 2222 3917 de
2252 3859 2523 3917 Gentibus
2554 3871 2694 3912 con-

1531 3940 1788 4009 gregata,
1827 3949 1956 4005 quae
2001 3932 2210 3987 foedata
2252 3930 2358 3985 fuit
2402 3924 2693 3999 sanguinis

1531 4010 1844 4076 martyrum
1894 4002 2189 4066 effusione,
2245 4006 2302 4056 et
2355 3997 2693 4054 idololatriae

1529 4076 1865 4149 pollutione,
1892 4079 1948 4129 et
1983 4072 2071 4127 his
2099 4085 2225 4141 quae
2255 4070 2442 4126 carnis
2479 4073 2538 4123 et
2563 4083 2696 4122 san·

1573 4147 1718 4201 uinis
1745 4148 2023 4217 geruntur
2052 4143 2439 4198 delectatione.
2471 4140 2607 4207 Quae
2637 4142 2693 4195 et

1531 4165 1820 4275 fimbriam
1867 4214 2187 4272 vestimenti
2236 4212 2442 4270 Christi
2480 4210 2688 4292 tetigit,

1531 4289 1758 4361 quando
1801 4285 1974 4345 fidem
2020 4283 2430 4343 lncarnationis
2477 4282 2689 4339 Christi
