3146 5023
524 332 606 384 DE
664 332 979 395 QUATUOR
1032 334 1120 386 AD
1165 334 1468 399 Tunius,
1519 336 1602 391 ΕΤ
1658 339 1898 393 TRIBUS
1951 340 2035 392 AD
2090 337 2335 393 DISCIP.
2394 339 2632 393 PARAB.
2732 341 2828 395 ‘141

351 436 746 497 diversimode
799 437 1073 510 recipitur
1124 455 1340 510 semen,
1385 441 1540 513 quod

359 511 641 576 Christus,
677 525 849 565 verus
879 509 1133 581 agricola
1158 511 1236 568 ede
1258 512 1412 568 coelo
1433 529 1541 569 no-

355 582 449 640 his
480 579 748 638 adduxit.
783 580 1040 639 Primum
1084 598 1222 664 ergo
1257 583 1541 641 debemus

357 654 595 711 terbum
640 651 743 710 Dei
804 669 934 709 cum
976 653 1278 710 devotione
1317 655 1540 725 audire,

347 740 423 782 rae
465 740 607 781 cum
668 722 885 795 gaudio
929 728 987 780 et
1022 724 1308 782 desiderio
1366 726 1544 782 susci-

349 812 522 870 pere3
577 795 795 851 deinde
846 794 1207 869 intelligere,
1259 811 1337 853 :ae
1385 796 1544 855 inter

351 883 639 940 prospera
674 873 731 922 et
765 866 1010 923 adversa
1053 866 1278 925 *utiliter
1315 883 1543 925 censer-

353 955 524 1008 vare3
560 944 618 995 et
648 937 897 1010 deniqne
933 939 1159 995 fructus
1189 938 1411 1010 facere,
1451 941 1543 996 vel

341 1013 713 1069 ,centesimum
729 1051 747 1074 ‚
807 1009 898 1066 ‘vel
942 1013 1390 1080 ,seaeaqesimum
1449 1011 1541 1068 vel

361 1085 732 1151 triqesimum.

423 1158 461 1209 ’5
503 1155 804 1209 PAaABoLA
858 1167 927 1207 ns
953 1166 1174 1208 mzAmA
1207 1168 1542 1209 sursitsmn-

353 1241 538 1283 NATA:
567 1242 710 1280 Aean
723 1241 791 1278 m·
809 1239 981 1279 samm
1004 1221 1247 1280 Cuius-n.
1263 1251 1337 1267 —-
1361 1226 1426 1280 In
1452 1240 1540 1280 se·-

363 1296 550 1353 cunda
577 1296 871 1377 parabola,
908 1309 1034 1365 quae
1068 1298 1156 1350 est
1180 1294 1273 1375 ,de
1303 1294 1541 1362 zizania,

360 1367 703 1424 describitur
752 1369 932 1421 status
979 1365 1247 1422 Eccleslae
1298 1382 1545 1437 sequens

359 1437 716 1503 immediate,
765 1439 896 1508 post
933 1440 1175 1493 mortem
1233 1437 1459 1500 Christi,
1489 1443 1546 1494 et

361 1509 774 1582 Apostolorum
834 1523 847 1562 :
907 1505 1043 1576 quia
1098 1507 1358 1565 diabolus
1407 1508 1545 1565 fidei

365 1579 426 1635 in
475 1579 743 1636 cordibus
772 1577 1032 1647 fidelium
1051 1577 1358 1636 seminatae
1396 1579 1544 1635 invi-

366 1650 472 1720 dit,
500 1656 561 1706 et
602 1649 732 1705 ideo
775 1654 907 1720 post
936 1649 1142 1706 Christi
1168 1654 1227 1707 et
1252 1651 1549 1722 Apostolo-

365 1737 493 1778 rum
542 1720 951 1784 dormitionem
1001 1736 1105 1792 per
1143 1726 1408 1790 mortem,
1442 1721 1546 1778 ali-

365 1809 510 1865 quos
550 1791 706 1847 inter
743 1791 945 1847 fideles
975 1791 1050 1848 ad
1077 1792 1381 1864 perfidiam
1423 1794 1543 1848 hae-

357 1879 552 1921 reseos
628 1862 955 1932 commovit,
1023 1863 1184 1933 quasi
1254 1863 1546 1920 seminans

361 1935 639 1991 zizaniam
697 1933 756 1988 in
789 1933 976 1989 medio
1032 1933 1228 2002 tritici,
1257 1935 1330 1990 ad
1366 1935 1546 2006 ipsius

364 2005 840 2063 destructionem.
887 2005 1083 2060 Potest
1123 2009 1321 2061 autem
1360 2005 1547 2061 omnis

363 2076 732 2133 immunditia
778 2075 839 2131 in
889 2079 1083 2147 segete
1139 2078 1362 2144 zizania
1412 2076 1543 2145 dici,

372 2152 435 2205 ut
460 2148 682 2215 lolium,
715 2146 1053 2217 sterilesque
1101 2162 1316 2215 avenae,
1345 2152 1401 2203 et
1434 2148 1546 2203 alia
1590 2182 1591 2185 =

368 2219 786 2291 hujuscemodi.
817 2217 970 2273 Sicut
988 2233 1129 2288 ergo
1154 2218 1369 2275 zizania
1395 2219 1544 2274 bono

372 2289 603 2358 semini,
627 2289 714 2349 sic
753 2290 1004 2345 haereses
1038 2288 1205 2346 honis
1240 2289 1546 2360 Scripturis

371 2361 924 2434 superseminantur‚
942 2364 1000 2416 et
1022 2360 1105 2417 eis
1129 2377 1190 2417 se
1205 2361 1541 2417 admiscent.

366 2433 527 2490 Unde
582 2435 933 2501 Augustinus
987 2451 1008 2486 .-
1060 2453 1091 2485 (ε
1138 2434 1330 2503 Neque
1389 2431 1544 2488 enim

365 2508 521 2563 natae
561 2510 691 2561 sunt
723 2505 994 2575 haereseS,
1038 2508 1096 2560 et
1139 2504 1403 2575 quaedam
1442 2504 1543 2561 do-

369 2581 564 2649 gmata
597 2574 987 2648 perversitatis
1027 2575 1388 2646 illaqueantis
1420 2574 1542 2632 ani-

361 2663 488 2705 mas
537 2652 589 2704 et
633 2648 691 2703 in
735 2646 1079 2719 profundum
1108 2646 1540 2719 praeeipitantis,

361 2718 477 2776 nisi
508 2720 641 2777 dum
670 2718 977 2790 Scripturae
1007 2717 1403 2788 intelliguntur
1428 2734 1544 2774 non

365 2791 544 2862 hene3
575 2797 631 2847 et
662 2793 813 2860 quod
843 2789 903 2846 in
933 2789 1015 2846 eis
1038 2805 1156 2846 non
1191 2791 1336 2847 bene
1372 2789 1539 2845 intel-

365 2861 584 2935 ligitur,
607 2862 781 2917 etiam
820 2865 1036 2917 temere
1067 2865 1124 2917 et
1152 2861 1427 2917 audacter
1453 2876 1544 2916 as·

372 2932 602 2989 seritur.
634 2954 661 2982 >›
683 2936 749 2987 Et
773 2933 1087 2989 notandum
1113 2932 1265 3003 quod
1286 2930 1543 2988 Christus

370 3004 549 3060 habet
602 3002 882 3074 triplicem
932 3019 1134 3086 agrum
1187 3019 1351 3060 suum
1409 3018 1541 3073 pro-

415 3075 587 3143 rium,
617 3074 679 3129 in
710 3090 820 3143 quo
852 3079 1093 3132 semlnat
1121 3073 1325 3147 triplex
1346 3090 1544 3130 semen

416 3161 588 3204 onum
635 3163 647 3200 :
690 3145 912 3217 primus
960 3162 1098 3217 ager
1143 3151 1231 3202 est
1272 3146 1541 3214 munduS,

361 3217 433 3275 —in
481 3233 603 3288 ·quo
667 3218 922 3273 Christus
986 3216 1285 3274 seminavit
1348 3233 1545 3274 semen

371 3288 533 3346 venbi
564 3288 685 3359 Dei,
719 3288 836 3345 sive
891 3288 1210 3345 doctrinam
1244 3288 1541 3357 veritatis3

373 3360 657 3419 secundus
685 3377 823 3430 ager
847 3364 938 3416 est
961 3359 1217 3417 Ecclesia
1241 3359 1543 3429 cathol-ica,
1609 3387 1617 3393 ·

371 3431 434 3489 in
459 3448 574 3504 qua
610 3433 867 3489 Christus
900 3432 1197 3489 seminavit
1221 3432 1425 3488 fideles
1449 3433 1548 3487 ho·

369 3502 556 3560 fmines
585 3503 682 3575 qui
717 3508 848 3560 sunt
873 3500 981 3558 filii
1004 3502 1189 3573 regni,
1205 3502 1278 3580 ¹id
1302 3507 1388 3560 est
1411 3519 1546 3559 san-

375 3574 451 3631 cti
482 3579 539 3631 et
560 3575 730 3630 electi
761 3573 890 3650 viri,
909 3573 1005 3644 qui
1030 3573 1179 3631 inter
1201 3574 1352 3631 filios
1373 3573 1544 3645 ,regni

375 3650 828 3716 computantur3
864 3644 1069 3702 tertius
1108 3662 1247 3717 ager
1291 3650 1379 3703 est
1416 3647 1547 3701 ani·

375 3730 493 3785 ma,
525 3715 585 3771 in
621 3732 732 3786 qua
767 3715 1024 3775 Christus
1065 3716 1310 3774 seminat
1343 3717 1547 3789 duplex

369 3801 575 3844 semen
613 3788 840 3843 ‚bonum
869 3804 883 3843 ε
916 3788 1168 3860 primum
1215 3803 1420 3845 semen
1460 3792 1547 3843 est

375 3858 532 3918 bona
563 3859 846 3928 voluntas,
872 3864 931 3916 et
975 3860 1089 3917 hoe
1130 3874 1327 3917 semen
1379 3858 1549 3915 debet

376 3928 637 4001 proferre
665 3930 909 3987 fructum
946 3931 1116 3989 bonae
1163 3928 1544 4011 operationis-3

1647 460 1763 499 rem
1786 459 1888 499 seu
1912 443 2286 500 dolorem.·Ex
2306 445 2629 517 cognitione
2644 463 2814 505 mun-

1652 514 1709 570 di
1757 513 1938 569 oritur
1984 513 2179 582 timor,
2210 514 2345 586 quia
2398 516 2457 572 in
2505 519 2693 576 medio
2728 520 2814 575 ‘la-

1652 600 1929 654 queorum
1951 584 2129 641 *homo
2156 584 2493 656 ingreditur.
2521 592 2598 645 Ex
2626 591 2819 661 cogni·

1650 657 1808 711 tione
1839 655 1940 712 Dei
1974 654 2161 711 oritur
2187 671 2370 725 amor,
2402 658 2535 728 quia
2575 657 2695 730 ipse
2716 668 2813 717 est

1653 732 1898 795 creator,
1949 726 2298 797 redemptor,
2340 731 2397 783 et
2440 729 2808 798 glorificator.

1653 798 1908 854 Primum
1953 813 2092 868 ergo
2137 812 2336 853 semen
2382 799 2625 857 seminat
2668 805 2823 858 Deus

1652 869 1714 924 in
1736 885 1883 939 agro
1926 867 2182 937 affectus,
2212 869 2546 940 secundum,
2577 870 2636 925 in
2675 888 2709 927 a
2782 890 2814 928 o

1650 940 2003 1009 ¹intellectus3
2065 939 2166 996 sed
2232 938 2498 996 inimicus
2559 942 2729 999 dia-bc
2752 960 2823 998 us

1655 1011 2070 1083 superseminat
2096 1009 2390 1079 zizaniam,
2415 1011 2629 1068 scilicet
2652 1029 2817 1070 erro·

1653 1099 1748 1138 res
1784 1083 1843 1138 in
1871 1082 2183 1151 intellectu,
2215 1086 2272 1138 et
2297 1081 2668 1153 cogitationes
2696 1099 2819 1140 ma-

1650 1154 1741 1209 las
1772 1154 1832 1209 in
1861 1154 2087 1210 affectu.
2114 1156 2444 1211 Hocrautem
2475 1170 2671 1210 semen
2697 1171 2819 1212 ma-

1655 1224 1772 1280 lum
1809 1223 2110 1297 tripliciter
2136 1224 2522 1297 exstinguitur
2561 1243 2575 1279 ι
2613 1226 2817 1296 prim0,

1656 1312 1760 1367 per
1787 1295 1978 1367 ignem
2000 1295 2391 1364 contritioni&
2421 1302 2689 1365 secundo,
2713 1313 2822 1369 per

1656 1366 2445 1438 praecisicnemconsessionis
2465 1384 2479 1435 ;
2500 1367 2692 1435 tertio,
2712 1384 2821 1439 per

1657 1437 2101 1494 eradicationem
2123 1438 2552 1494 satisfactionis,
2587 1440 2822 1495 Studeat

1660 1525 1797 1580 ergo
1828 1508 2023 1566 anima
2072 1509 2282 1578 fidelis,
2312 1514 2375 1566 ut
2404 1525 2600 1565 semen
2630 1510 2730 1566 Dei
2759 1510 2820 1565 in

1659 1596 1727 1635 ea
1792 1581 2073 1650 germinet
2121 1579 2333 1637 sanctis
2400 1579 2700 1636 desideriis
2765 1587 2822 1637 et

1661 1651 1927 1722 operibus
1972 1650 2255 1708 virtuosiS.
2297 1650 2401 1707 Hie
2439 1658 2629 1707 autem
2664 1668 2821 1722 ager,

1661 1722 1873 1778 scilicet
1919 1722 2133 1791 anima,
2166 1722 2384 1797 sepitur
2439 1722 2574 1790 fide,
2630 1728 2829 1779 aratur

1659 1793 2087 1864 praedicatione,
2116 1792 2456 1864 compluitur
2476 1791 2664 1864 pluvia
2692 1810 2821 1864 gra-

1660 1864 1753 1919 tiae
1811 1869 1867 1920 et
1915 1881 2046 1920 rore
2102 1863 2530 1920 misericordiae.
2568 1866 2826 1921 Secunda

1658 1935 1850 2005 itaque
1896 1935 2173 2007 parabola
2214 1940 2310 1991 est
2353 1936 2425 1997 de
2483 1935 2714 1991 zizaniis
2769 1942 2826 1991 et

1657 2006 1830 2077 loliis,
1879 2004 2031 2063 bono
2072 2005 2276 2063 semini
2334 2006 2823 2078 superseminatis,

1659 2093 1783 2147 quae
1832 2076 2100 2133 describit
2146 2081 2358 2134 coetum
2400 2078 2824 2135 haereticorum.

1659 2150 1855 2215 Sionile
1901 2154 1981 2204 est
2021 2151 2166 2204 enim
2200 2165 2431 2217 reanum
2461 2152 2733 2211 coelorum,
2767 2148 2825 2203 id

1662 2224 1747 2274 est
1775 2219 2027 2276 Ecclesia
2053 2217 2328 2289 militans,
2352 2234 2452 2275 seu
2476 2226 2654 2274 status
2680 2221 2823 2290 ejuS‚

1660 2292 1891 2356 homini,
1930 2290 2146 2347 scilicet
2179 2290 2428 2360 Christo,
2461 2290 2556 2363 qui
2603 2291 2701 2345 dat
2731 2306 2823 2346 re-

1661 2378 1838 2433 gnare
1886 2362 1949 2418 in
2004 2362 2439 2430 coelestibuS,·et
2493 2362 2581 2418 cui
2613 2362 2828 2418 servire

1658 2450 1899 2504 regnare
1929 2438 2047 2502 est3
2074 2437 2198 2504 qui,
2241 2450 2346 2507 per
2372 2449 2435 2489 se
2465 2439 2521 2489 et
2550 2450 2653 2505 per
2678 2436 2827 2505 Apo-

1660 2507 1856 2575 stoloS,
1896 2509 2189 2563 seminavit
2230 2510 2290 2562 in
2326 2523 2459 2578 aare
2493 2523 2610 2569 suo,
2650 2505 2709 2561 id
2742 2511 2828 2564 est

1658 2576 1715 2631 in
1758 2579 1991 2647 munde,
2025 2594 2126 2634 seu
2162 2579 2223 2634 irn
2257 2577 2507 2634 Ecclesia
2540 2578 2733 2634 labore
2773 2584 2829 2633 et

1660 2647 1941 2717 sanguine
1984 2647 2192 2705 Christi
2241 2647 2480 2715 exculta,
2515 2649 2711 2702 bonum
2741 2662 2828 2703 se-

1657 2736 1801 2786 men,
1842 2719 1901 2774 id
1958 2723 2047 2775 est
2100 2722 2356 2776 sanctam
2402 2718 2722 2774 doctriuam
2773 2724 2829 2782 et

1658 2791 1832 2846 fidem
1872 2790 2231 2859 catholicam,
2259 2807 2327 2847 ac
2368 2805 2466 2846 eos
2492 2806 2642 2860 -quos
2685 2792 2831 2859 filios

1656 2865 1816 2928 reqm'
1844 2866 2027 2918 vocat.
2056 2864 2129 2917 Et
2158 2866 2297 2918 nota
2319 2860 2411 2916 hic
2432 2862 2586 2929 quod
2620 2864 2675 2913 in
2706 2860 2831 2915 istis

1658 2932 1946 3002 parabolis
1963 2948 2084 2988 non
2110 2933 2179 2986 fit
2195 2930 2547 3001 comparatio
2568 2946 2831 2999 personae

1659 3003 1733 3058 ad
1788 3002 2251 3073 personam,-sed
2300 2999 2516 3070 negotii
2556 3003 2627 3055 ad
2660 3016 2831 3070 nego-

1659 3074 1821 3140 tium,
1860 3089 1962 3130 seu
1999 3071 2134 3128 sacti
2172 3071 2246 3128 ad
2282 3071 2529 3130 factum:
2567 3086 2632 3126 ac
2661 3071 2709 3126 si
2741 3073 2829 3128 di-

1661 3150 1814 3201 ceret
1880 3162 1894 3201 :
1946 3146 2180 3201 Factum
2239 3143 2391 3214 quod
2445 3140 2633 3211 agitur
2683 3142 2832 3199 circa

1659 3231 1901 3286 regnum
1930 3215 2206 3272 coelerum
2230 3218 2288 3271 et
2317 3214 2468 3270 circa
2496 3214 2828 3284 Ecclesiam,

1662 3288 1846 3344 simile
1872 3292 1959 3344 est
1985 3287 2086 3344 tali
2115 3285 2266 3343 facto
2292 3285 2384 3343 ‘vel
2414 3288 2663 3357 negotio.

1734 3365 1766 3414 6
1814 3362 2079 3417 Donumo
2132 3376 2498 3415 PRAELATORUM
2532 3377 2596 3413 ET
2636 3376 2832 3415 snitum

1660 3447 1897 3488 omnem.
1932 3461 2000 3476 -—
2037 3432 2169 3489 Cum
2195 3438 2375 3488 autem
2405 3432 2705 3487 dormirent
2735 3432 2829 3486 ho-

1659 3508 1854 3569 mines,
1885 3503 1947 3560 id
1995 3508 2083 3561 est
2134 3504 2400 3561 custodes
2443 3502 2702 3567 interim,
2733 3500 2827 3571 qui

1612 3593 1615 3600 ·
1652 3576 1734 3632 ad
1768 3577 2003 3633 tutelam
2041 3578 2098 3632 et
2126 3573 2453 3634 custodiam
2490 3577 2621 3627 sunt
2661 3572 2831 3641 depu-

1660 3649 1786 3714 tati,
1812 3663 1918 3718 per
1943 3661 2112 3718 >¹quos
2146 3645 2544 3719 significantur
2586 3640 2828 3721 praelati,

1663 3735 1906 3788 quorum
1964 3733 2189 3783 sumne,
2230 3716 2289 3771 id
2344 3717 2432 3774 est
2478 3713 2834 3791 negligentia

1661 3787 2102 3855 interveniente,
2132 3785 2394 3842 diabolus
2416 3786 2833 3862 superseminat

1663 3857 1938 3913 zizaniam
1958 3873 2064 3913 -seu
2086 3855 2312 3914 lolium.
2344 3856 2643 3909 Dormiunt
2681 3868 2832 3907 emm

1656 3927 1884 4011 praelati
1922 3926 2267 3997 tripliciter:
2308 3923 2398 3978 vel
2426 3938 2553 3977 cum
2601 3927 2834 4005 torpent

379 4001 691 4058 secundnm
749 4005 948 4060 semen
981 4007 1079 4060 est
1109 4000 1380 4084 ‘cognitio
1435 4016 1546 4069 sui,
1625 4015 1632 4048 :
1663 3998 1892 4067 mertia,
1923 3998 2013 4054 vel
2039 4012 2166 4052 cum
2190 3989 2557 4052 resolvuntur
2576 3994 2830 4064 lasclvra,

377 4071 575 4130 mundi
634 4077 691 4129 et
740 4074 865 4130 Dei.
918 4076 997 4131 Ex
1052 4072 1377 4145 cognitione
1436 4071 1545 4141 sui,

375 4143 542 4215 qnasi
578 4159 646 4200 ex
685 4146 934 4215 quodam
980 4144 1196 4202 semine
1230 4143 1415 4201 oritur
1447 4144 1554 4198 *do-

371 4214 486 4286 lor,
537 4217 855 4273 secundum
913 4216 1055 4278 illud
1108 4214 1480 4273 Ecclesiastes
1532 4231 1545 4270 ε

378 4286 487 4354 om·
517 4287 692 4345 zaddit
736 4290 1046 4355 scientim,
1080 4288 1245 4347 addit
1297 4290 1353 4344 et
1402 4286 1527 4343 labo

1624 4117 1627 4120 Α
1663 4071 1750 4126 vel
1807 4084 1935 4125 cum
1984 4069 2329 4140 premuntur
2363 4064 2688 4135 ignor-antia
2714 4064 2833 4122 sive

1666 4142 1850 4213 culpa.
1894 4142 2026 4196 Haee
2048 4142 2253 4196 autem
2280 4135 2553 4193 ‘dormitio
2591 4153 2709 4217 non
2734 4152 2835 4208 ¹so-

1664 4214 1785 4269 lum
1825 4211 2110 4284 significat
2138 4207 2507 4282 superiorum
2538 4208 2836 4280 negligen-

1668 4284 1809 4342 tiam
1871 4282 2021 4342 circa
2072 4279 2404 4340 ‘custodiam
2469 4280 2683 4354 gregis,
2737 4280 2840 4338 sed
