<?xml version="1.0" encoding="UTF-8"?>
<!DOCTYPE html PUBLIC "-//W3C//DTD XHTML 1.0 Transitional//EN"
    "http://www.w3.org/TR/xhtml1/DTD/xhtml1-transitional.dtd">
<html xmlns="http://www.w3.org/1999/xhtml" xml:lang="en" lang="en">
 <head>
  <title>
</title>
<meta http-equiv="Content-Type" content="text/html;charset=utf-8" />
  <meta name='ocr-system' content='tesseract 3.04.00' />
  <meta name='ocr-capabilities' content='ocr_page ocr_carea ocr_par ocr_line ocrx_word'/>
</head>
<body>
  <div class='ocr_page' id='page_1' title='image "./vitajesuchristi02rigogoog_0222.png"; bbox 0 0 3146 5023; ppageno 0'>
   <div class='ocr_carea' id='block_1_1' title="bbox 436 372 528 427">
    <p class='ocr_par' dir='ltr' id='par_1_1' title="bbox 436 372 528 427">
     <span class='ocr_line' id='line_1_1' title="bbox 436 372 528 427; baseline 0 0"><span class='ocrx_word' id='word_1_1' title='bbox 436 372 528 427; x_wconf 77' lang='lat'><strong>208</strong></span> 
     </span>
    </p>
   </div>
   <div class='ocr_carea' id='block_1_2' title="bbox 441 474 1629 618">
    <p class='ocr_par' dir='ltr' id='par_1_2' title="bbox 441 474 1629 618">
     <span class='ocr_line' id='line_1_2' title="bbox 441 474 1628 535; baseline -0.004 -1"><span class='ocrx_word' id='word_1_2' title='bbox 441 477 717 535; x_wconf 80' lang='lat' dir='ltr'><strong><em>insensati</em></strong></span> <span class='ocrx_word' id='word_1_3' title='bbox 752 478 928 532; x_wconf 82' lang='lat' dir='ltr'><strong>vitam</strong></span> <span class='ocrx_word' id='word_1_4' title='bbox 963 476 1188 532; x_wconf 81' lang='lat' dir='ltr'><strong>illorum</strong></span> <span class='ocrx_word' id='word_1_5' title='bbox 1220 474 1628 530; x_wconf 69' lang='lat' dir='ltr'><strong>aestimabamus</strong></span> 
     </span>
     <span class='ocr_line' id='line_1_3' title="bbox 442 546 1629 618; baseline -0.006 -11"><span class='ocrx_word' id='word_1_6' title='bbox 442 551 746 617; x_wconf 82' lang='lat' dir='ltr'><strong>insaniam,</strong></span> <span class='ocrx_word' id='word_1_7' title='bbox 772 553 825 604; x_wconf 81' lang='lat' dir='ltr'><strong>et</strong></span> <span class='ocrx_word' id='word_1_8' title='bbox 851 551 1014 618; x_wconf 72' lang='lat' dir='ltr'><strong>finem</strong></span> <span class='ocrx_word' id='word_1_9' title='bbox 1032 547 1256 602; x_wconf 83' lang='lat' dir='ltr'><strong>illorum</strong></span> <span class='ocrx_word' id='word_1_10' title='bbox 1280 548 1400 600; x_wconf 82' lang='lat' dir='ltr'><strong>sine</strong></span> <span class='ocrx_word' id='word_1_11' title='bbox 1426 546 1629 601; x_wconf 77' lang='lat' dir='ltr'><em>honore</em></span> 
     </span>
    </p>
   </div>
   <div class='ocr_carea' id='block_1_3' title="bbox 1166 366 2236 425">
    <p class='ocr_par' dir='ltr' id='par_1_3' title="bbox 1166 366 2236 425">
     <span class='ocr_line' id='line_1_4' title="bbox 1166 366 2236 425; baseline -0.001 -1"><span class='ocrx_word' id='word_1_12' title='bbox 1166 370 1387 425; x_wconf 69' lang='lat' dir='ltr'>PRIMA:</span> <span class='ocrx_word' id='word_1_13' title='bbox 1439 369 1687 424; x_wconf 73' lang='lat' dir='ltr'>PARTIS</span> <span class='ocrx_word' id='word_1_14' title='bbox 1740 366 1954 422; x_wconf 69' lang='lat' dir='ltr'>CAPUT</span> <span class='ocrx_word' id='word_1_15' title='bbox 2008 367 2236 425; x_wconf 83' lang='lat' dir='ltr'>LXXIII</span> 
     </span>
    </p>
   </div>
   <div class='ocr_carea' id='block_1_4' title="bbox 1727 454 2972 620">
    <p class='ocr_par' dir='ltr' id='par_1_4' title="bbox 1727 454 2972 620">
     <span class='ocr_line' id='line_1_5' title="bbox 1728 454 2931 544; baseline 0.007 -16"><span class='ocrx_word' id='word_1_16' title='bbox 1728 472 1843 529; x_wconf 88' lang='lat' dir='ltr'><strong>illis</strong></span> <span class='ocrx_word' id='word_1_17' title='bbox 1857 488 2082 531; x_wconf 88' lang='lat' dir='ltr'><strong>merear</strong></span> <span class='ocrx_word' id='word_1_18' title='bbox 2094 473 2247 544; x_wconf 86' lang='lat' dir='ltr'><strong>fieri,</strong></span> <span class='ocrx_word' id='word_1_19' title='bbox 2259 490 2328 532; x_wconf 90' lang='lat' dir='ltr'><strong>ac</strong></span> <span class='ocrx_word' id='word_1_20' title='bbox 2348 490 2480 533; x_wconf 86' lang='lat' dir='ltr'><strong>cum</strong></span> <span class='ocrx_word' id='word_1_21' title='bbox 2498 454 2750 535; x_wconf 35' lang='lat' dir='ltr'><strong>eis-*inter</strong></span> <span class='ocrx_word' id='word_1_22' title='bbox 2767 477 2931 537; x_wconf 85' lang='lat' dir='ltr'><strong>filios</strong></span> 
     </span>
     <span class='ocr_line' id='line_1_6' title="bbox 1727 544 2972 620; baseline 0.007 -20"><span class='ocrx_word' id='word_1_23' title='bbox 1727 544 1828 601; x_wconf 91' lang='lat' dir='ltr'><strong>Dei</strong></span> <span class='ocrx_word' id='word_1_24' title='bbox 1864 544 2205 620; x_wconf 88' lang='lat' dir='ltr'><strong>computari,</strong></span> <span class='ocrx_word' id='word_1_25' title='bbox 2236 551 2296 605; x_wconf 90' lang='lat' dir='ltr'><strong>et</strong></span> <span class='ocrx_word' id='word_1_26' title='bbox 2320 546 2475 606; x_wconf 89' lang='lat' dir='ltr'><strong>inter</strong></span> <span class='ocrx_word' id='word_1_27' title='bbox 2504 551 2746 608; x_wconf 83' lang='lat' dir='ltr'><strong>sanctos</strong></span> <span class='ocrx_word' id='word_1_28' title='bbox 2783 565 2928 609; x_wconf 87' lang='lat' dir='ltr'><strong>sor·</strong></span> <span class='ocrx_word' id='word_1_29' title='bbox 2969 556 2972 559; x_wconf 68' lang='lat'><strong><em>‘</em></strong></span> 
     </span>
    </p>
   </div>
   <div class='ocr_carea' id='block_1_5' title="bbox 444 614 2124 690">
    <p class='ocr_par' dir='ltr' id='par_1_5' title="bbox 444 614 2124 690">
     <span class='ocr_line' id='line_1_7' title="bbox 444 614 2124 690; baseline -0.002 -11"><span class='ocrx_word' id='word_1_30' title='bbox 444 620 593 681; x_wconf 88' lang='lat' dir='ltr'><strong>etc.l</strong></span> <span class='ocrx_word' id='word_1_31' title='bbox 626 618 876 690; x_wconf 91' lang='lat' dir='ltr'><strong>Utinam,</strong></span> <span class='ocrx_word' id='word_1_32' title='bbox 914 621 972 674; x_wconf 91' lang='lat' dir='ltr'><strong>et</strong></span> <span class='ocrx_word' id='word_1_33' title='bbox 1007 632 1115 690; x_wconf 84' lang='lat' dir='ltr'><strong>ego</strong></span> <span class='ocrx_word' id='word_1_34' title='bbox 1152 615 1348 689; x_wconf 91' lang='lat' dir='ltr'><strong>miser,</strong></span> <span class='ocrx_word' id='word_1_35' title='bbox 1373 632 1522 673; x_wconf 92' lang='lat' dir='ltr'><strong>unus</strong></span> <span class='ocrx_word' id='word_1_36' title='bbox 1554 615 1628 673; x_wconf 89' lang='lat' dir='ltr'><strong>de</strong></span> <span class='ocrx_word' id='word_1_37' title='bbox 1655 616 1660 619; x_wconf 83' lang='grc'><strong>’</strong></span> <span class='ocrx_word' id='word_1_38' title='bbox 1729 614 1848 674; x_wconf 82' lang='lat' dir='ltr'><strong>tem</strong></span> <span class='ocrx_word' id='word_1_39' title='bbox 1875 617 2124 675; x_wconf 78' lang='lat' dir='ltr'><strong>haberet</strong></span> 
     </span>
    </p>
   </div>
   <div class='ocr_carea' id='block_1_6' title="bbox 1538 812 1796 871">
    <p class='ocr_par' dir='ltr' id='par_1_6' title="bbox 1538 812 1796 871">
     <span class='ocr_line' id='line_1_8' title="bbox 1538 812 1796 871; baseline 0.008 -2"><span class='ocrx_word' id='word_1_40' title='bbox 1538 812 1796 871; x_wconf 84' lang='lat' dir='ltr'><strong>ORATIO</strong></span> 
     </span>
    </p>
   </div>
   <div class='ocr_carea' id='block_1_7' title="bbox 448 978 2932 1482">
    <p class='ocr_par' dir='ltr' id='par_1_7' title="bbox 448 978 2932 1482">
     <span class='ocr_line' id='line_1_9' title="bbox 518 978 2924 1062; baseline 0.002 -23"><span class='ocrx_word' id='word_1_41' title='bbox 518 980 760 1040; x_wconf 84' lang='lat' dir='ltr'><strong>Domine</strong></span> <span class='ocrx_word' id='word_1_42' title='bbox 788 982 925 1038; x_wconf 88' lang='lat' dir='ltr'><strong>Jesu</strong></span> <span class='ocrx_word' id='word_1_43' title='bbox 955 978 1201 1049; x_wconf 81' lang='lat' dir='ltr'><strong>Christe,</strong></span> <span class='ocrx_word' id='word_1_44' title='bbox 1236 994 1301 1035; x_wconf 94' lang='lat' dir='ltr'><strong>ro</strong></span> <span class='ocrx_word' id='word_1_45' title='bbox 1344 994 1377 1036; x_wconf 93' lang='lat'>0</span> <span class='ocrx_word' id='word_1_46' title='bbox 1416 983 1473 1037; x_wconf 90' lang='lat' dir='ltr'><strong>te</strong></span> <span class='ocrx_word' id='word_1_47' title='bbox 1501 994 1609 1062; x_wconf 89' lang='lat' dir='ltr'><strong>per</strong></span> <span class='ocrx_word' id='word_1_48' title='bbox 1643 979 1864 1039; x_wconf 86' lang='lat' dir='ltr'><strong>viscera</strong></span> <span class='ocrx_word' id='word_1_49' title='bbox 1892 979 2304 1040; x_wconf 63' lang='lat' dir='ltr'><strong>misericordiae</strong></span> <span class='ocrx_word' id='word_1_50' title='bbox 2343 985 2456 1042; x_wconf 85' lang='lat' dir='ltr'><strong>tuae</strong></span> <span class='ocrx_word' id='word_1_51' title='bbox 2509 988 2574 1040; x_wconf 93' lang='lat' dir='ltr'><strong>ut</strong></span> <span class='ocrx_word' id='word_1_52' title='bbox 2604 1000 2698 1042; x_wconf 89' lang='lat' dir='ltr'><strong>me</strong></span> <span class='ocrx_word' id='word_1_53' title='bbox 2747 1001 2924 1043; x_wconf 90' lang='lat' dir='ltr'><strong>man-</strong></span> 
     </span>
     <span class='ocr_line' id='line_1_10' title="bbox 448 1025 2929 1127; baseline 0 -15"><span class='ocrx_word' id='word_1_54' title='bbox 448 1070 578 1112; x_wconf 91' lang='lat' dir='ltr'><strong>cum</strong></span> <span class='ocrx_word' id='word_1_55' title='bbox 600 1058 657 1110; x_wconf 89' lang='lat' dir='ltr'><strong>et</strong></span> <span class='ocrx_word' id='word_1_56' title='bbox 677 1054 752 1110; x_wconf 93' lang='lat' dir='ltr'><strong>ad</strong></span> <span class='ocrx_word' id='word_1_57' title='bbox 772 1050 1098 1108; x_wconf 88' lang='lat' dir='ltr'><strong>faciendum</strong></span> <span class='ocrx_word' id='word_1_58' title='bbox 1113 1066 1290 1123; x_wconf 90' lang='lat' dir='ltr'><strong>opera</strong></span> <span class='ocrx_word' id='word_1_59' title='bbox 1359 1067 1471 1107; x_wconf 87' lang='lat' dir='ltr'><strong>ona</strong></span> <span class='ocrx_word' id='word_1_60' title='bbox 1500 1050 1839 1121; x_wconf 74' lang='lat' dir='ltr'><strong>invalidum,</strong></span> <span class='ocrx_word' id='word_1_61' title='bbox 1863 1051 2114 1126; x_wconf 87' lang='lat' dir='ltr'><strong>digneris</strong></span> <span class='ocrx_word' id='word_1_62' title='bbox 2142 1025 2592 1113; x_wconf 75' lang='lat' dir='ltr'><strong>misericorditer</strong></span> <span class='ocrx_word' id='word_1_63' title='bbox 2608 1072 2839 1127; x_wconf 88' lang='lat' dir='ltr'><strong>sanare,</strong></span> <span class='ocrx_word' id='word_1_64' title='bbox 2867 1064 2929 1114; x_wconf 83' lang='lat' dir='ltr'><strong>et</strong></span> 
     </span>
     <span class='ocr_line' id='line_1_11' title="bbox 450 1123 2925 1195; baseline 0 -11"><span class='ocrx_word' id='word_1_65' title='bbox 450 1126 524 1184; x_wconf 88' lang='lat' dir='ltr'><strong>ad</strong></span> <span class='ocrx_word' id='word_1_66' title='bbox 554 1140 726 1181; x_wconf 90' lang='lat' dir='ltr'><strong>omne</strong></span> <span class='ocrx_word' id='word_1_67' title='bbox 753 1138 896 1195; x_wconf 89' lang='lat' dir='ltr'><strong>opus</strong></span> <span class='ocrx_word' id='word_1_68' title='bbox 921 1123 1157 1191; x_wconf 91' lang='lat' dir='ltr'><strong>bonum,</strong></span> <span class='ocrx_word' id='word_1_69' title='bbox 1186 1123 1393 1178; x_wconf 84' lang='lat' dir='ltr'><strong>fortem</strong></span> <span class='ocrx_word' id='word_1_70' title='bbox 1426 1126 1481 1179; x_wconf 88' lang='lat' dir='ltr'><strong>et</strong></span> <span class='ocrx_word' id='word_1_71' title='bbox 1508 1127 1705 1194; x_wconf 91' lang='lat' dir='ltr'><strong>aptum</strong></span> <span class='ocrx_word' id='word_1_72' title='bbox 1734 1124 1942 1180; x_wconf 87' lang='lat' dir='ltr'><strong>facere.</strong></span> <span class='ocrx_word' id='word_1_73' title='bbox 1979 1126 2090 1181; x_wconf 89' lang='lat' dir='ltr'><strong>Fac</strong></span> <span class='ocrx_word' id='word_1_74' title='bbox 2114 1141 2207 1183; x_wconf 90' lang='lat' dir='ltr'><strong>me</strong></span> <span class='ocrx_word' id='word_1_75' title='bbox 2245 1131 2397 1184; x_wconf 86' lang='lat' dir='ltr'><strong>stare</strong></span> <span class='ocrx_word' id='word_1_76' title='bbox 2424 1126 2486 1184; x_wconf 91' lang='lat' dir='ltr'><strong>in</strong></span> <span class='ocrx_word' id='word_1_77' title='bbox 2516 1128 2705 1184; x_wconf 90' lang='lat' dir='ltr'><strong>medio</strong></span> <span class='ocrx_word' id='word_1_78' title='bbox 2734 1126 2925 1185; x_wconf 89' lang='lat' dir='ltr'><strong>virtu-</strong></span> 
     </span>
     <span class='ocr_line' id='line_1_12' title="bbox 450 1192 2926 1269; baseline 0 -15"><span class='ocrx_word' id='word_1_79' title='bbox 450 1201 595 1261; x_wconf 90' lang='lat' dir='ltr'><strong>tum,</strong></span> <span class='ocrx_word' id='word_1_80' title='bbox 628 1199 714 1266; x_wconf 91' lang='lat' dir='ltr'><strong>ut,</strong></span> <span class='ocrx_word' id='word_1_81' title='bbox 745 1199 799 1251; x_wconf 89' lang='lat' dir='ltr'><strong>te</strong></span> <span class='ocrx_word' id='word_1_82' title='bbox 823 1194 1059 1266; x_wconf 86' lang='lat' dir='ltr'><strong>jubente</strong></span> <span class='ocrx_word' id='word_1_83' title='bbox 1088 1198 1144 1251; x_wconf 89' lang='lat' dir='ltr'><strong>et</strong></span> <span class='ocrx_word' id='word_1_84' title='bbox 1188 1192 1450 1264; x_wconf 81' lang='lat' dir='ltr'><strong>faciente,</strong></span> <span class='ocrx_word' id='word_1_85' title='bbox 1496 1194 1795 1250; x_wconf 83' lang='lat' dir='ltr'><strong>extendam</strong></span> <span class='ocrx_word' id='word_1_86' title='bbox 1837 1195 1910 1251; x_wconf 95' lang='lat' dir='ltr'><strong>ad</strong></span> <span class='ocrx_word' id='word_1_87' title='bbox 1937 1195 2241 1267; x_wconf 85' lang='lat' dir='ltr'><strong>justitiam,</strong></span> <span class='ocrx_word' id='word_1_88' title='bbox 2269 1214 2389 1254; x_wconf 91' lang='lat' dir='ltr'><strong>non</strong></span> <span class='ocrx_word' id='word_1_89' title='bbox 2426 1199 2500 1255; x_wconf 89' lang='lat' dir='ltr'><strong>ad</strong></span> <span class='ocrx_word' id='word_1_90' title='bbox 2536 1197 2926 1269; x_wconf 84' lang='lat' dir='ltr'><strong>iniquitatem,</strong></span> 
     </span>
     <span class='ocr_line' id='line_1_13' title="bbox 452 1262 2927 1340; baseline 0 -15"><span class='ocrx_word' id='word_1_91' title='bbox 452 1283 657 1326; x_wconf 87' lang='lat' dir='ltr'><strong>manus</strong></span> <span class='ocrx_word' id='word_1_92' title='bbox 697 1282 877 1335; x_wconf 76' lang='lat' dir='ltr'><strong>meaa,</strong></span> <span class='ocrx_word' id='word_1_93' title='bbox 909 1279 1114 1336; x_wconf 89' lang='lat' dir='ltr'><strong>meque</strong></span> <span class='ocrx_word' id='word_1_94' title='bbox 1154 1262 1214 1320; x_wconf 90' lang='lat' dir='ltr'><strong>in</strong></span> <span class='ocrx_word' id='word_1_95' title='bbox 1240 1264 1411 1321; x_wconf 88' lang='lat' dir='ltr'><strong>bonis</strong></span> <span class='ocrx_word' id='word_1_96' title='bbox 1439 1265 1775 1335; x_wconf 80' lang='lat' dir='ltr'><strong>exercende,</strong></span> <span class='ocrx_word' id='word_1_97' title='bbox 1807 1270 1968 1322; x_wconf 89' lang='lat' dir='ltr'><strong>tuum</strong></span> <span class='ocrx_word' id='word_1_98' title='bbox 1991 1267 2414 1340; x_wconf 89' lang='lat' dir='ltr'><strong>beneplacitum</strong></span> <span class='ocrx_word' id='word_1_99' title='bbox 2442 1269 2505 1325; x_wconf 91' lang='lat' dir='ltr'><strong>in</strong></span> <span class='ocrx_word' id='word_1_100' title='bbox 2540 1269 2807 1326; x_wconf 87' lang='lat' dir='ltr'><strong>omnibus</strong></span> <span class='ocrx_word' id='word_1_101' title='bbox 2831 1270 2927 1326; x_wconf 84' lang='lat' dir='ltr'><strong>fa-</strong></span> 
     </span>
     <span class='ocr_line' id='line_1_14' title="bbox 454 1335 2928 1417; baseline 0 -20"><span class='ocrx_word' id='word_1_102' title='bbox 454 1338 602 1397; x_wconf 85' lang='lat' dir='ltr'><strong>ciam</strong></span> <span class='ocrx_word' id='word_1_103' title='bbox 630 1356 644 1408; x_wconf 92' lang='grc'><strong>;</strong></span> <span class='ocrx_word' id='word_1_104' title='bbox 679 1338 820 1395; x_wconf 89' lang='lat' dir='ltr'><strong>etin</strong></span> <span class='ocrx_word' id='word_1_105' title='bbox 850 1336 1002 1393; x_wconf 92' lang='lat' dir='ltr'><strong>malo</strong></span> <span class='ocrx_word' id='word_1_106' title='bbox 1031 1336 1369 1417; x_wconf 75' lang='lat' dir='ltr'><strong>arescendo,</strong></span> <span class='ocrx_word' id='word_1_107' title='bbox 1394 1336 1472 1417; x_wconf 61' lang='lat' dir='ltr'><strong>al?</strong></span> <span class='ocrx_word' id='word_1_108' title='bbox 1497 1335 1723 1417; x_wconf 69' lang='lat' dir='ltr'><strong>offensa</strong></span> <span class='ocrx_word' id='word_1_109' title='bbox 1754 1343 1853 1394; x_wconf 91' lang='lat' dir='ltr'><strong>tua</strong></span> <span class='ocrx_word' id='word_1_110' title='bbox 1878 1337 2110 1394; x_wconf 92' lang='lat' dir='ltr'><strong>omnino</strong></span> <span class='ocrx_word' id='word_1_111' title='bbox 2139 1339 2482 1398; x_wconf 82' lang='lat' dir='ltr'><strong>abstineam.</strong></span> <span class='ocrx_word' id='word_1_112' title='bbox 2512 1343 2597 1398; x_wconf 92' lang='lat' dir='ltr'><strong>Da</strong></span> <span class='ocrx_word' id='word_1_113' title='bbox 2620 1339 2785 1410; x_wconf 89' lang='lat' dir='ltr'><strong>mihi,</strong></span> <span class='ocrx_word' id='word_1_114' title='bbox 2817 1342 2928 1405; x_wconf 86' lang='lat' dir='ltr'><strong>bo-</strong></span> 
     </span>
     <span class='ocr_line' id='line_1_15' title="bbox 451 1407 2932 1482; baseline 0 -14"><span class='ocrx_word' id='word_1_115' title='bbox 451 1425 529 1469; x_wconf 89' lang='lat' dir='ltr'><strong>ne</strong></span> <span class='ocrx_word' id='word_1_116' title='bbox 575 1412 731 1480; x_wconf 89' lang='lat' dir='ltr'><strong>Jesu,</strong></span> <span class='ocrx_word' id='word_1_117' title='bbox 777 1412 841 1465; x_wconf 92' lang='lat' dir='ltr'><strong>ut</strong></span> <span class='ocrx_word' id='word_1_118' title='bbox 887 1424 1009 1480; x_wconf 86' lang='lat' dir='ltr'><strong>prae</strong></span> <span class='ocrx_word' id='word_1_119' title='bbox 1054 1408 1322 1464; x_wconf 76' lang='lat' dir='ltr'><strong>omnibus</strong></span> <span class='ocrx_word' id='word_1_120' title='bbox 1352 1408 1563 1463; x_wconf 79' lang='lat' dir='ltr'><strong>divitus</strong></span> <span class='ocrx_word' id='word_1_121' title='bbox 1596 1411 1656 1464; x_wconf 90' lang='lat' dir='ltr'><strong>et</strong></span> <span class='ocrx_word' id='word_1_122' title='bbox 1681 1407 1903 1466; x_wconf 88' lang='lat' dir='ltr'><strong>deliciis</strong></span> <span class='ocrx_word' id='word_1_123' title='bbox 1932 1409 2131 1481; x_wconf 87' lang='lat' dir='ltr'><strong>seculi,</strong></span> <span class='ocrx_word' id='word_1_124' title='bbox 2161 1410 2458 1471; x_wconf 86' lang='lat' dir='ltr'><strong>intendam</strong></span> <span class='ocrx_word' id='word_1_125' title='bbox 2492 1413 2667 1475; x_wconf 82' lang='lat' dir='ltr'><strong>verbo</strong></span> <span class='ocrx_word' id='word_1_126' title='bbox 2697 1411 2824 1482; x_wconf 90' lang='lat' dir='ltr'><strong>Dei,</strong></span> <span class='ocrx_word' id='word_1_127' title='bbox 2854 1426 2932 1468; x_wconf 88' lang='lat' dir='ltr'><strong>ac</strong></span> 
     </span>
    </p>
   </div>
   <div class='ocr_carea' id='block_1_8' title="bbox 452 1477 1410 1540">
    <p class='ocr_par' dir='ltr' id='par_1_8' title="bbox 452 1477 1410 1540">
     <span class='ocr_line' id='line_1_16' title="bbox 452 1477 1410 1540; baseline -0.006 0"><span class='ocrx_word' id='word_1_128' title='bbox 452 1497 598 1540; x_wconf 84' lang='lat' dir='ltr'><strong>meae</strong></span> <span class='ocrx_word' id='word_1_129' title='bbox 623 1486 682 1540; x_wconf 90' lang='lat' dir='ltr'><strong>et</strong></span> <span class='ocrx_word' id='word_1_130' title='bbox 711 1479 957 1538; x_wconf 90' lang='lat' dir='ltr'><strong>aliorum</strong></span> <span class='ocrx_word' id='word_1_131' title='bbox 981 1477 1172 1537; x_wconf 90' lang='lat' dir='ltr'><strong>saluti.</strong></span> <span class='ocrx_word' id='word_1_132' title='bbox 1206 1480 1410 1536; x_wconf 83' lang='lat' dir='ltr'><strong>Amen.</strong></span> 
     </span>
    </p>
   </div>
   <div class='ocr_carea' id='block_1_9' title="bbox 1419 1789 2021 1863">
    <p class='ocr_par' dir='ltr' id='par_1_9' title="bbox 1419 1789 2021 1863">
     <span class='ocr_line' id='line_1_17' title="bbox 1419 1789 2021 1863; baseline -0.002 -2"><span class='ocrx_word' id='word_1_133' title='bbox 1419 1789 1697 1863; x_wconf 90' lang='lat' dir='ltr'>CAPUT</span> <span class='ocrx_word' id='word_1_134' title='bbox 1748 1791 2021 1863; x_wconf 88' lang='lat' dir='ltr'><strong>LXXIII</strong></span> 
     </span>
    </p>
   </div>
   <div class='ocr_carea' id='block_1_10' title="bbox 1174 1999 2192 2049">
    <p class='ocr_par' dir='ltr' id='par_1_10' title="bbox 1174 1999 2192 2049">
     <span class='ocr_line' id='line_1_18' title="bbox 1174 1999 2192 2049; baseline 0.001 -5"><span class='ocrx_word' id='word_1_135' title='bbox 1174 1999 1250 2044; x_wconf 76' lang='grc' dir='ltr'><strong>ΒΕ</strong></span> <span class='ocrx_word' id='word_1_136' title='bbox 1285 1999 1644 2048; x_wconf 77' lang='lat' dir='ltr'>DAEMONIACO</span> <span class='ocrx_word' id='word_1_137' title='bbox 1687 2002 1848 2049; x_wconf 79' lang='lat' dir='ltr'>GAECO</span> <span class='ocrx_word' id='word_1_138' title='bbox 1889 2000 1967 2047; x_wconf 76' lang='lat' dir='ltr'><strong>ET</strong></span> <span class='ocrx_word' id='word_1_139' title='bbox 1999 1999 2192 2046; x_wconf 75' lang='lat' dir='ltr'><strong>MUTO·</strong></span> 
     </span>
    </p>
   </div>
   <div class='ocr_carea' id='block_1_11' title="bbox 892 2157 2482 2233">
    <p class='ocr_par' dir='ltr' id='par_1_11' title="bbox 892 2157 2482 2233">
     <span class='ocr_line' id='line_1_19' title="bbox 892 2157 2482 2233; baseline -0.001 -17"><span class='ocrx_word' id='word_1_140' title='bbox 892 2157 1143 2217; x_wconf 86' lang='lat' dir='ltr'><strong>Matthaei</strong></span> <span class='ocrx_word' id='word_1_141' title='bbox 1181 2175 1305 2233; x_wconf 90' lang='lat' dir='ltr'><strong>cap.</strong></span> <span class='ocrx_word' id='word_1_142' title='bbox 1336 2161 1457 2231; x_wconf 90' lang='lat' dir='ltr'><strong>XII,</strong></span> <span class='ocrx_word' id='word_1_143' title='bbox 1490 2161 1664 2217; x_wconf 86' lang='lat' dir='ltr'><strong>Marc.</strong></span> <span class='ocrx_word' id='word_1_144' title='bbox 1698 2174 1827 2232; x_wconf 91' lang='lat' dir='ltr'><strong>cap.</strong></span> <span class='ocrx_word' id='word_1_145' title='bbox 1865 2161 1939 2217; x_wconf 91' lang='lat'><strong>111</strong></span> <span class='ocrx_word' id='word_1_146' title='bbox 1969 2164 2028 2217; x_wconf 89' lang='lat' dir='ltr'><strong>et</strong></span> <span class='ocrx_word' id='word_1_147' title='bbox 2062 2160 2197 2218; x_wconf 88' lang='lat' dir='ltr'><strong>Luc.</strong></span> <span class='ocrx_word' id='word_1_148' title='bbox 2232 2174 2358 2232; x_wconf 89' lang='lat' dir='ltr'><strong>cap.</strong></span> <span class='ocrx_word' id='word_1_149' title='bbox 2389 2159 2482 2216; x_wconf 89' lang='lat' dir='ltr'><strong>XI.</strong></span> 
     </span>
    </p>
   </div>
   <div class='ocr_carea' id='block_1_12' title="bbox 454 2358 1661 4201">
    <p class='ocr_par' dir='ltr' id='par_1_12' title="bbox 454 2358 1661 4201">
     <span class='ocr_line' id='line_1_20' title="bbox 541 2358 1644 2413; baseline -0.003 0"><span class='ocrx_word' id='word_1_150' title='bbox 541 2379 562 2413; x_wconf 90' lang='lat'>1</span> <span class='ocrx_word' id='word_1_151' title='bbox 599 2358 839 2413; x_wconf 67' lang='lat' dir='ltr'><strong>Cum-no</strong></span> <span class='ocrx_word' id='word_1_152' title='bbox 885 2371 1189 2410; x_wconf 70' lang='lat' dir='ltr'><strong>nmomAm</strong></span> <span class='ocrx_word' id='word_1_153' title='bbox 1226 2372 1353 2409; x_wconf 81' lang='lat' dir='ltr'>CAECI</span> <span class='ocrx_word' id='word_1_154' title='bbox 1392 2371 1457 2410; x_wconf 75' lang='grc' dir='ltr'><strong>ΕΤ</strong></span> <span class='ocrx_word' id='word_1_155' title='bbox 1494 2370 1644 2411; x_wconf 73' lang='lat' dir='ltr'><strong>uun.</strong></span> 
     </span>
     <span class='ocr_line' id='line_1_21' title="bbox 462 2423 1649 2496; baseline 0.001 -16"><span class='ocrx_word' id='word_1_156' title='bbox 462 2456 535 2469; x_wconf 91' lang='lat'>—</span> <span class='ocrx_word' id='word_1_157' title='bbox 568 2430 736 2492; x_wconf 86' lang='lat' dir='ltr'><strong>Tunc,</strong></span> <span class='ocrx_word' id='word_1_158' title='bbox 764 2423 823 2479; x_wconf 93' lang='lat' dir='ltr'><strong>id</strong></span> <span class='ocrx_word' id='word_1_159' title='bbox 851 2428 937 2479; x_wconf 88' lang='lat' dir='ltr'><strong>est</strong></span> <span class='ocrx_word' id='word_1_160' title='bbox 958 2428 1086 2496; x_wconf 92' lang='lat' dir='ltr'><strong>post</strong></span> <span class='ocrx_word' id='word_1_161' title='bbox 1109 2424 1403 2494; x_wconf 75' lang='lat' dir='ltr'><strong>praedicta,</strong></span> <span class='ocrx_word' id='word_1_162' title='bbox 1430 2427 1649 2481; x_wconf 84' lang='lat' dir='ltr'><strong>oblatus</strong></span> 
     </span>
     <span class='ocr_line' id='line_1_22' title="bbox 460 2494 1647 2566; baseline 0 -12"><span class='ocrx_word' id='word_1_163' title='bbox 460 2501 542 2554; x_wconf 84' lang='lat' dir='ltr'><strong>est</strong></span> <span class='ocrx_word' id='word_1_164' title='bbox 579 2499 649 2566; x_wconf 82' lang='lat' dir='ltr'><strong>ei,</strong></span> <span class='ocrx_word' id='word_1_165' title='bbox 690 2494 933 2552; x_wconf 91' lang='lat' dir='ltr'><strong>Domino</strong></span> <span class='ocrx_word' id='word_1_166' title='bbox 974 2494 1211 2565; x_wconf 90' lang='lat' dir='ltr'><strong>scilicet,</strong></span> <span class='ocrx_word' id='word_1_167' title='bbox 1230 2496 1402 2553; x_wconf 92' lang='lat' dir='ltr'><strong>homo</strong></span> <span class='ocrx_word' id='word_1_168' title='bbox 1442 2497 1647 2554; x_wconf 80' lang='lat' dir='ltr'><strong>daemo-</strong></span> 
     </span>
     <span class='ocr_line' id='line_1_23' title="bbox 456 2568 1648 2639; baseline 0 -14"><span class='ocrx_word' id='word_1_169' title='bbox 456 2571 627 2625; x_wconf 51' lang='lat' dir='ltr'><strong>nium*</strong></span> <span class='ocrx_word' id='word_1_170' title='bbox 643 2568 869 2637; x_wconf 83' lang='lat' dir='ltr'><strong>habens,</strong></span> <span class='ocrx_word' id='word_1_171' title='bbox 896 2583 1066 2624; x_wconf 85' lang='lat' dir='ltr'><strong>caecus</strong></span> <span class='ocrx_word' id='word_1_172' title='bbox 1095 2574 1147 2624; x_wconf 83' lang='lat' dir='ltr'><strong>et</strong></span> <span class='ocrx_word' id='word_1_173' title='bbox 1174 2573 1359 2624; x_wconf 85' lang='lat' dir='ltr'><strong>mutus</strong></span> <span class='ocrx_word' id='word_1_174' title='bbox 1374 2586 1392 2639; x_wconf 91' lang='lat'>;</span> <span class='ocrx_word' id='word_1_175' title='bbox 1420 2569 1520 2625; x_wconf 90' lang='lat' dir='ltr'><strong>sed</strong></span> <span class='ocrx_word' id='word_1_176' title='bbox 1544 2571 1648 2626; x_wconf 91' lang='lat' dir='ltr'><strong>Lu-</strong></span> 
     </span>
     <span class='ocr_line' id='line_1_24' title="bbox 454 2640 1645 2710; baseline -0.003 -12"><span class='ocrx_word' id='word_1_177' title='bbox 454 2655 553 2698; x_wconf 86' lang='lat' dir='ltr'><strong>cas</strong></span> <span class='ocrx_word' id='word_1_178' title='bbox 583 2643 804 2696; x_wconf 92' lang='lat' dir='ltr'><strong>mutum</strong></span> <span class='ocrx_word' id='word_1_179' title='bbox 833 2643 1079 2709; x_wconf 87' lang='lat' dir='ltr'><strong>tantum,</strong></span> <span class='ocrx_word' id='word_1_180' title='bbox 1100 2656 1217 2696; x_wconf 91' lang='lat' dir='ltr'><strong>non</strong></span> <span class='ocrx_word' id='word_1_181' title='bbox 1248 2656 1459 2697; x_wconf 85' lang='lat' dir='ltr'><strong>caecum</strong></span> <span class='ocrx_word' id='word_1_182' title='bbox 1485 2640 1645 2710; x_wconf 90' lang='lat' dir='ltr'><strong>dicit,</strong></span> 
     </span>
     <span class='ocr_line' id='line_1_25' title="bbox 457 2710 1649 2784; baseline -0.001 -16"><span class='ocrx_word' id='word_1_183' title='bbox 457 2716 657 2769; x_wconf 90' lang='lat' dir='ltr'><strong>tacens</strong></span> <span class='ocrx_word' id='word_1_184' title='bbox 687 2710 840 2782; x_wconf 90' lang='lat' dir='ltr'><strong>quod</strong></span> <span class='ocrx_word' id='word_1_185' title='bbox 870 2712 1172 2768; x_wconf 85' lang='lat' dir='ltr'><strong>Matthaeus</strong></span> <span class='ocrx_word' id='word_1_186' title='bbox 1205 2712 1497 2784; x_wconf 85' lang='lat' dir='ltr'><strong>expressit.</strong></span> <span class='ocrx_word' id='word_1_187' title='bbox 1534 2713 1649 2767; x_wconf 88' lang='lat' dir='ltr'><strong>Nec</strong></span> 
     </span>
     <span class='ocr_line' id='line_1_26' title="bbox 457 2781 1649 2851; baseline -0.003 -10"><span class='ocrx_word' id='word_1_188' title='bbox 457 2782 600 2841; x_wconf 90' lang='lat' dir='ltr'><strong>talia</strong></span> <span class='ocrx_word' id='word_1_189' title='bbox 633 2784 768 2838; x_wconf 87' lang='lat' dir='ltr'><strong>sunt</strong></span> <span class='ocrx_word' id='word_1_190' title='bbox 795 2782 858 2837; x_wconf 91' lang='lat' dir='ltr'><strong>in</strong></span> <span class='ocrx_word' id='word_1_191' title='bbox 887 2782 1147 2839; x_wconf 84' lang='lat' dir='ltr'><strong>daemone</strong></span> <span class='ocrx_word' id='word_1_192' title='bbox 1178 2783 1514 2851; x_wconf 80' lang='lat' dir='ltr'><strong>formaliter,</strong></span> <span class='ocrx_word' id='word_1_193' title='bbox 1546 2781 1649 2838; x_wconf 88' lang='lat' dir='ltr'><strong>sed</strong></span> 
     </span>
     <span class='ocr_line' id='line_1_27' title="bbox 462 2851 1649 2926; baseline -0.003 -15"><span class='ocrx_word' id='word_1_194' title='bbox 462 2854 649 2926; x_wconf 89' lang='lat' dir='ltr'><strong>solum</strong></span> <span class='ocrx_word' id='word_1_195' title='bbox 675 2851 959 2923; x_wconf 83' lang='lat' dir='ltr'><strong>affective,</strong></span> <span class='ocrx_word' id='word_1_196' title='bbox 995 2852 1127 2925; x_wconf 89' lang='lat' dir='ltr'><strong>quia</strong></span> <span class='ocrx_word' id='word_1_197' title='bbox 1158 2853 1428 2911; x_wconf 79' lang='lat' dir='ltr'><strong>effecerat</strong></span> <span class='ocrx_word' id='word_1_198' title='bbox 1456 2852 1649 2911; x_wconf 90' lang='lat' dir='ltr'><strong>homi·-</strong></span> 
     </span>
     <span class='ocr_line' id='line_1_28' title="bbox 462 2925 1649 2997; baseline -0.002 -14"><span class='ocrx_word' id='word_1_199' title='bbox 462 2942 599 2983; x_wconf 87' lang='lat' dir='ltr'><strong>nem</strong></span> <span class='ocrx_word' id='word_1_200' title='bbox 629 2940 841 2982; x_wconf 84' lang='lat' dir='ltr'><strong>caecum</strong></span> <span class='ocrx_word' id='word_1_201' title='bbox 872 2927 929 2981; x_wconf 86' lang='lat' dir='ltr'><strong>et</strong></span> <span class='ocrx_word' id='word_1_202' title='bbox 960 2930 1222 2995; x_wconf 83' lang='lat' dir='ltr'><strong>mutum3</strong></span> <span class='ocrx_word' id='word_1_203' title='bbox 1257 2930 1315 2982; x_wconf 91' lang='lat' dir='ltr'><strong>et</strong></span> <span class='ocrx_word' id='word_1_204' title='bbox 1342 2926 1492 2995; x_wconf 91' lang='lat' dir='ltr'><strong>ideo,</strong></span> <span class='ocrx_word' id='word_1_205' title='bbox 1525 2925 1649 2997; x_wconf 87' lang='lat' dir='ltr'><strong>ipso</strong></span> 
     </span>
     <span class='ocr_line' id='line_1_29' title="bbox 465 2995 1650 3071; baseline -0.003 -16"><span class='ocrx_word' id='word_1_206' title='bbox 465 2999 670 3071; x_wconf 89' lang='lat' dir='ltr'><strong>ejecto,</strong></span> <span class='ocrx_word' id='word_1_207' title='bbox 687 2995 848 3067; x_wconf 87' lang='lat' dir='ltr'><strong>vidit,</strong></span> <span class='ocrx_word' id='word_1_208' title='bbox 862 3002 919 3053; x_wconf 91' lang='lat' dir='ltr'><strong>et</strong></span> <span class='ocrx_word' id='word_1_209' title='bbox 929 2996 1470 3070; x_wconf 80' lang='lat' dir='ltr'><strong>loquebaturhomO.</strong></span> <span class='ocrx_word' id='word_1_210' title='bbox 1492 2996 1650 3053; x_wconf 90' lang='lat' dir='ltr'><strong>Unde</strong></span> 
     </span>
     <span class='ocr_line' id='line_1_30' title="bbox 470 3068 1653 3141; baseline -0.003 -14"><span class='ocrx_word' id='word_1_211' title='bbox 470 3071 731 3141; x_wconf 85' lang='lat' dir='ltr'><strong>sequitur</strong></span> <span class='ocrx_word' id='word_1_212' title='bbox 749 3086 764 3125; x_wconf 77' lang='lat' dir='ltr'><strong>t</strong></span> <span class='ocrx_word' id='word_1_213' title='bbox 782 3073 856 3126; x_wconf 83' lang='lat' dir='ltr'><strong>Et</strong></span> <span class='ocrx_word' id='word_1_214' title='bbox 878 3072 1096 3126; x_wconf 84' lang='lat' dir='ltr'><strong>curavit</strong></span> <span class='ocrx_word' id='word_1_215' title='bbox 1115 3086 1255 3134; x_wconf 87' lang='lat' dir='ltr'><strong>eum,</strong></span> <span class='ocrx_word' id='word_1_216' title='bbox 1278 3068 1339 3124; x_wconf 92' lang='lat' dir='ltr'><strong>in</strong></span> <span class='ocrx_word' id='word_1_217' title='bbox 1360 3084 1471 3139; x_wconf 92' lang='lat' dir='ltr'><strong>quo</strong></span> <span class='ocrx_word' id='word_1_218' title='bbox 1491 3072 1653 3124; x_wconf 89' lang='lat' dir='ltr'><strong>nota·</strong></span> 
     </span>
     <span class='ocr_line' id='line_1_31' title="bbox 472 3139 1652 3207; baseline -0.002 -12"><span class='ocrx_word' id='word_1_219' title='bbox 472 3145 570 3196; x_wconf 91' lang='lat' dir='ltr'><strong>tur</strong></span> <span class='ocrx_word' id='word_1_220' title='bbox 602 3156 638 3195; x_wconf 90' lang='lat' dir='ltr'><strong>a</strong></span> <span class='ocrx_word' id='word_1_221' title='bbox 664 3139 947 3196; x_wconf 84' lang='lat' dir='ltr'><strong>daemonio</strong></span> <span class='ocrx_word' id='word_1_222' title='bbox 976 3140 1260 3207; x_wconf 89' lang='lat' dir='ltr'><strong>liberatio,</strong></span> <span class='ocrx_word' id='word_1_223' title='bbox 1290 3143 1373 3195; x_wconf 81' lang='lat' dir='ltr'><strong>ita</strong></span> <span class='ocrx_word' id='word_1_224' title='bbox 1397 3143 1460 3193; x_wconf 79' lang='lat' dir='ltr'><strong>ut</strong></span> <span class='ocrx_word' id='word_1_225' title='bbox 1494 3139 1652 3194; x_wconf 84' lang='lat' dir='ltr'><strong>vide-</strong></span> 
     </span>
     <span class='ocr_line' id='line_1_32' title="bbox 471 3207 1654 3278; baseline 0 -13"><span class='ocrx_word' id='word_1_226' title='bbox 471 3214 578 3272; x_wconf 83' lang='lat' dir='ltr'><strong>ret,</strong></span> <span class='ocrx_word' id='word_1_227' title='bbox 625 3208 686 3262; x_wconf 92' lang='lat' dir='ltr'><strong>in</strong></span> <span class='ocrx_word' id='word_1_228' title='bbox 737 3225 849 3278; x_wconf 91' lang='lat' dir='ltr'><strong>quo</strong></span> <span class='ocrx_word' id='word_1_229' title='bbox 902 3210 1173 3266; x_wconf 84' lang='lat' dir='ltr'><strong>caecitatis</strong></span> <span class='ocrx_word' id='word_1_230' title='bbox 1203 3207 1564 3276; x_wconf 81' lang='lat' dir='ltr'><strong>illuminatiO,</strong></span> <span class='ocrx_word' id='word_1_231' title='bbox 1601 3214 1654 3265; x_wconf 84' lang='lat' dir='ltr'><strong>et</strong></span> 
     </span>
     <span class='ocr_line' id='line_1_33' title="bbox 472 3277 1648 3350; baseline 0.003 -17"><span class='ocrx_word' id='word_1_232' title='bbox 472 3281 808 3345; x_wconf 84' lang='lat' dir='ltr'><strong>loqueretur,</strong></span> <span class='ocrx_word' id='word_1_233' title='bbox 836 3277 899 3334; x_wconf 89' lang='lat' dir='ltr'><strong>in</strong></span> <span class='ocrx_word' id='word_1_234' title='bbox 927 3294 1039 3349; x_wconf 87' lang='lat' dir='ltr'><strong>quo</strong></span> <span class='ocrx_word' id='word_1_235' title='bbox 1066 3280 1309 3350; x_wconf 85' lang='lat' dir='ltr'><strong>loquelae</strong></span> <span class='ocrx_word' id='word_1_236' title='bbox 1337 3278 1648 3336; x_wconf 82' lang='lat' dir='ltr'><strong>restitutio,</strong></span> 
     </span>
     <span class='ocr_line' id='line_1_34' title="bbox 474 3344 1653 3428; baseline 0.003 -27"><span class='ocrx_word' id='word_1_237' title='bbox 474 3344 580 3428; x_wconf 76' lang='lat' dir='ltr'><strong>Ubi</strong></span> <span class='ocrx_word' id='word_1_238' title='bbox 608 3348 975 3425; x_wconf 74' lang='lat' dir='ltr'><strong>Hieronymus</strong></span> <span class='ocrx_word' id='word_1_239' title='bbox 1003 3369 1021 3405; x_wconf 72' lang='grc' dir='ltr'><strong><em>ε</em></strong></span> <span class='ocrx_word' id='word_1_240' title='bbox 1072 3369 1102 3403; x_wconf 90' lang='lat'>«</span> <span class='ocrx_word' id='word_1_241' title='bbox 1133 3351 1264 3406; x_wconf 89' lang='lat' dir='ltr'><strong>Tria</strong></span> <span class='ocrx_word' id='word_1_242' title='bbox 1289 3349 1453 3421; x_wconf 87' lang='lat' dir='ltr'><strong>signa</strong></span> <span class='ocrx_word' id='word_1_243' title='bbox 1481 3346 1653 3404; x_wconf 87' lang='lat' dir='ltr'><strong>simul</strong></span> 
     </span>
     <span class='ocr_line' id='line_1_35' title="bbox 471 3415 1653 3488; baseline 0.002 -16"><span class='ocrx_word' id='word_1_244' title='bbox 471 3432 534 3472; x_wconf 81' lang='lat' dir='ltr'><strong>in</strong></span> <span class='ocrx_word' id='word_1_245' title='bbox 570 3415 804 3471; x_wconf 87' lang='lat' dir='ltr'><strong>homme</strong></span> <span class='ocrx_word' id='word_1_246' title='bbox 854 3424 1186 3488; x_wconf 89' lang='lat' dir='ltr'><strong>perpetrata</strong></span> <span class='ocrx_word' id='word_1_247' title='bbox 1219 3425 1356 3477; x_wconf 89' lang='lat' dir='ltr'><strong>sunt</strong></span> <span class='ocrx_word' id='word_1_248' title='bbox 1406 3437 1420 3473; x_wconf 93' lang='lat'>:</span> <span class='ocrx_word' id='word_1_249' title='bbox 1467 3433 1653 3474; x_wconf 88' lang='lat' dir='ltr'><strong>caecus</strong></span> 
     </span>
     <span class='ocr_line' id='line_1_36' title="bbox 470 3485 1656 3558; baseline 0.003 -16"><span class='ocrx_word' id='word_1_250' title='bbox 470 3485 647 3554; x_wconf 88' lang='lat' dir='ltr'><strong>videt,</strong></span> <span class='ocrx_word' id='word_1_251' title='bbox 685 3489 876 3542; x_wconf 90' lang='lat' dir='ltr'><strong>mutus</strong></span> <span class='ocrx_word' id='word_1_252' title='bbox 934 3486 1209 3556; x_wconf 89' lang='lat' dir='ltr'><strong>loquitur,</strong></span> <span class='ocrx_word' id='word_1_253' title='bbox 1265 3503 1562 3558; x_wconf 88' lang='lat' dir='ltr'><strong>possessus</strong></span> <span class='ocrx_word' id='word_1_254' title='bbox 1620 3505 1656 3545; x_wconf 90' lang='lat' dir='ltr'><strong>a</strong></span> 
     </span>
     <span class='ocr_line' id='line_1_37' title="bbox 471 3555 1655 3626; baseline -0.002 -10"><span class='ocrx_word' id='word_1_255' title='bbox 471 3558 734 3616; x_wconf 86' lang='lat' dir='ltr'><strong>daemone</strong></span> <span class='ocrx_word' id='word_1_256' title='bbox 755 3555 1048 3614; x_wconf 87' lang='lat' dir='ltr'><strong>liberatur.</strong></span> <span class='ocrx_word' id='word_1_257' title='bbox 1079 3558 1240 3624; x_wconf 87' lang='lat' dir='ltr'><strong>Quod</strong></span> <span class='ocrx_word' id='word_1_258' title='bbox 1261 3563 1397 3613; x_wconf 89' lang='lat' dir='ltr'><strong>tunc</strong></span> <span class='ocrx_word' id='word_1_259' title='bbox 1422 3555 1655 3626; x_wconf 87' lang='lat' dir='ltr'><strong>quidem</strong></span> 
     </span>
     <span class='ocr_line' id='line_1_38' title="bbox 471 3628 1656 3699; baseline -0.002 -11"><span class='ocrx_word' id='word_1_260' title='bbox 471 3628 779 3689; x_wconf 70' lang='lat' dir='ltr'><strong>carnanter</strong></span> <span class='ocrx_word' id='word_1_261' title='bbox 821 3629 1038 3686; x_wconf 85' lang='lat' dir='ltr'><strong>factum</strong></span> <span class='ocrx_word' id='word_1_262' title='bbox 1082 3632 1211 3697; x_wconf 89' lang='lat' dir='ltr'><strong>est;</strong></span> <span class='ocrx_word' id='word_1_263' title='bbox 1247 3629 1347 3684; x_wconf 87' lang='lat' dir='ltr'><strong>sed</strong></span> <span class='ocrx_word' id='word_1_264' title='bbox 1397 3628 1656 3699; x_wconf 86' lang='lat' dir='ltr'><strong>quotidie</strong></span> 
     </span>
     <span class='ocr_line' id='line_1_39' title="bbox 470 3699 1656 3775; baseline -0.003 -15"><span class='ocrx_word' id='word_1_265' title='bbox 470 3702 792 3775; x_wconf 91' lang='lat' dir='ltr'><strong>completur</strong></span> <span class='ocrx_word' id='word_1_266' title='bbox 841 3700 904 3757; x_wconf 91' lang='lat' dir='ltr'><strong>in</strong></span> <span class='ocrx_word' id='word_1_267' title='bbox 957 3699 1330 3757; x_wconf 79' lang='lat' dir='ltr'><strong>conversione</strong></span> <span class='ocrx_word' id='word_1_268' title='bbox 1372 3699 1656 3771; x_wconf 84' lang='lat' dir='ltr'><strong>fidelium,</strong></span> 
     </span>
     <span class='ocr_line' id='line_1_40' title="bbox 468 3771 1658 3845; baseline -0.003 -12"><span class='ocrx_word' id='word_1_269' title='bbox 468 3778 553 3845; x_wconf 89' lang='lat' dir='ltr'><strong>ut,</strong></span> <span class='ocrx_word' id='word_1_270' title='bbox 585 3773 816 3845; x_wconf 87' lang='lat' dir='ltr'><strong>expulso</strong></span> <span class='ocrx_word' id='word_1_271' title='bbox 855 3772 1137 3841; x_wconf 86' lang='lat' dir='ltr'><strong>daemone,</strong></span> <span class='ocrx_word' id='word_1_272' title='bbox 1175 3771 1423 3844; x_wconf 89' lang='lat' dir='ltr'><strong>primum</strong></span> <span class='ocrx_word' id='word_1_273' title='bbox 1461 3771 1658 3829; x_wconf 91' lang='lat' dir='ltr'><strong>lumen</strong></span> 
     </span>
     <span class='ocr_line' id='line_1_41' title="bbox 470 3842 1659 3917; baseline -0.003 -14"><span class='ocrx_word' id='word_1_274' title='bbox 470 3845 610 3903; x_wconf 88' lang='lat' dir='ltr'><strong>fidei</strong></span> <span class='ocrx_word' id='word_1_275' title='bbox 638 3843 943 3917; x_wconf 86' lang='lat' dir='ltr'><strong>accipiant,</strong></span> <span class='ocrx_word' id='word_1_276' title='bbox 985 3843 1193 3900; x_wconf 89' lang='lat' dir='ltr'><strong>deinde</strong></span> <span class='ocrx_word' id='word_1_277' title='bbox 1226 3843 1288 3899; x_wconf 93' lang='lat' dir='ltr'><strong>in</strong></span> <span class='ocrx_word' id='word_1_278' title='bbox 1326 3842 1523 3900; x_wconf 91' lang='lat' dir='ltr'><strong>laudes</strong></span> <span class='ocrx_word' id='word_1_279' title='bbox 1555 3842 1659 3900; x_wconf 91' lang='lat' dir='ltr'><strong>Dei</strong></span> 
     </span>
     <span class='ocr_line' id='line_1_42' title="bbox 471 3915 1659 3990; baseline -0.003 -15"><span class='ocrx_word' id='word_1_280' title='bbox 471 3916 726 3975; x_wconf 88' lang='lat' dir='ltr'><strong>tacentia</strong></span> <span class='ocrx_word' id='word_1_281' title='bbox 740 3916 899 3990; x_wconf 89' lang='lat' dir='ltr'><strong>prius</strong></span> <span class='ocrx_word' id='word_1_282' title='bbox 929 3931 1032 3974; x_wconf 90' lang='lat' dir='ltr'><strong>ora</strong></span> <span class='ocrx_word' id='word_1_283' title='bbox 1061 3915 1408 3972; x_wconf 90' lang='lat' dir='ltr'><strong>relaxentur.</strong></span> <span class='ocrx_word' id='word_1_284' title='bbox 1437 3936 1459 3967; x_wconf 79' lang='lat'><strong>»</strong></span> <span class='ocrx_word' id='word_1_285' title='bbox 1496 3915 1659 3971; x_wconf 91' lang='lat' dir='ltr'><strong>Unde</strong></span> 
     </span>
     <span class='ocr_line' id='line_1_43' title="bbox 476 3986 1661 4059; baseline -0.004 -12"><span class='ocrx_word' id='word_1_286' title='bbox 476 3993 535 4047; x_wconf 90' lang='lat' dir='ltr'><strong>et</strong></span> <span class='ocrx_word' id='word_1_287' title='bbox 582 3991 935 4059; x_wconf 74' lang='lat' dir='ltr'><strong>Auqustinus</strong></span> <span class='ocrx_word' id='word_1_288' title='bbox 987 4007 1006 4043; x_wconf 75' lang='grc' dir='ltr'><strong><em>ε</em></strong></span> <span class='ocrx_word' id='word_1_289' title='bbox 1061 4009 1092 4040; x_wconf 90' lang='lat'>«</span> <span class='ocrx_word' id='word_1_290' title='bbox 1127 3988 1481 4045; x_wconf 63' lang='lat' dir='ltr'><strong>Daemonium</strong></span> <span class='ocrx_word' id='word_1_291' title='bbox 1506 3986 1661 4043; x_wconf 90' lang='lat' dir='ltr'><strong>enim</strong></span> 
     </span>
     <span class='ocr_line' id='line_1_44' title="bbox 471 4057 1660 4130; baseline -0.003 -13"><span class='ocrx_word' id='word_1_292' title='bbox 471 4061 713 4130; x_wconf 88' lang='lat' dir='ltr'><strong>habens,</strong></span> <span class='ocrx_word' id='word_1_293' title='bbox 752 4077 938 4119; x_wconf 83' lang='lat' dir='ltr'><strong>caecus</strong></span> <span class='ocrx_word' id='word_1_294' title='bbox 962 4064 1019 4116; x_wconf 89' lang='lat' dir='ltr'><strong>et</strong></span> <span class='ocrx_word' id='word_1_295' title='bbox 1048 4064 1240 4116; x_wconf 85' lang='lat' dir='ltr'><strong>mutus</strong></span> <span class='ocrx_word' id='word_1_296' title='bbox 1274 4062 1377 4129; x_wconf 88' lang='lat' dir='ltr'><strong>est,</strong></span> <span class='ocrx_word' id='word_1_297' title='bbox 1450 4057 1508 4114; x_wconf 94' lang='lat' dir='ltr'><strong>ui</strong></span> <span class='ocrx_word' id='word_1_298' title='bbox 1539 4074 1660 4116; x_wconf 90' lang='lat' dir='ltr'><strong>non</strong></span> 
     </span>
     <span class='ocr_line' id='line_1_45' title="bbox 475 4129 1660 4201; baseline -0.003 -12"><span class='ocrx_word' id='word_1_299' title='bbox 475 4130 659 4189; x_wconf 90' lang='lat' dir='ltr'><strong>credit</strong></span> <span class='ocrx_word' id='word_1_300' title='bbox 701 4134 856 4201; x_wconf 88' lang='lat' dir='ltr'><strong>Deo;</strong></span> <span class='ocrx_word' id='word_1_301' title='bbox 889 4137 947 4188; x_wconf 88' lang='lat' dir='ltr'><strong>et</strong></span> <span class='ocrx_word' id='word_1_302' title='bbox 991 4129 1254 4188; x_wconf 88' lang='lat' dir='ltr'><strong>subditus</strong></span> <span class='ocrx_word' id='word_1_303' title='bbox 1284 4134 1371 4187; x_wconf 89' lang='lat' dir='ltr'><strong>est</strong></span> <span class='ocrx_word' id='word_1_304' title='bbox 1447 4129 1660 4199; x_wconf 83' lang='lat' dir='ltr'><strong>iabolo,</strong></span> 
     </span>
    </p>
   </div>
   <div class='ocr_carea' id='block_1_13' title="bbox 1753 2351 2946 4202">
    <p class='ocr_par' dir='ltr' id='par_1_13' title="bbox 1753 2351 2946 4202">
     <span class='ocr_line' id='line_1_46' title="bbox 1756 2351 2932 2423; baseline 0.002 -14"><span class='ocrx_word' id='word_1_305' title='bbox 1756 2353 1889 2410; x_wconf 92' lang='lat' dir='ltr'><strong>dem</strong></span> <span class='ocrx_word' id='word_1_306' title='bbox 1934 2354 2073 2410; x_wconf 92' lang='lat' dir='ltr'><strong>De0.</strong></span> <span class='ocrx_word' id='word_1_307' title='bbox 2111 2371 2141 2407; x_wconf 67' lang='lat'><strong>³&gt;</strong></span> <span class='ocrx_word' id='word_1_308' title='bbox 2172 2353 2335 2410; x_wconf 90' lang='lat' dir='ltr'><strong>Unde</strong></span> <span class='ocrx_word' id='word_1_309' title='bbox 2381 2351 2556 2409; x_wconf 88' lang='lat' dir='ltr'><strong>etiam</strong></span> <span class='ocrx_word' id='word_1_310' title='bbox 2610 2353 2932 2423; x_wconf 75' lang='lat' dir='ltr'><strong>chrysosto-</strong></span> 
     </span>
     <span class='ocr_line' id='line_1_47' title="bbox 1754 2423 2937 2496; baseline 0.001 -15"><span class='ocrx_word' id='word_1_311' title='bbox 1754 2440 1877 2481; x_wconf 86' lang='lat' dir='ltr'><strong>mus</strong></span> <span class='ocrx_word' id='word_1_312' title='bbox 1908 2441 1922 2481; x_wconf 87' lang='lat'>:</span> <span class='ocrx_word' id='word_1_313' title='bbox 1962 2447 1983 2474; x_wconf 82' lang='lat'>«</span> <span class='ocrx_word' id='word_1_314' title='bbox 2017 2426 2099 2481; x_wconf 88' lang='lat' dir='ltr'><strong>Ne</strong></span> <span class='ocrx_word' id='word_1_315' title='bbox 2130 2423 2338 2496; x_wconf 89' lang='lat' dir='ltr'><strong>aliquis</strong></span> <span class='ocrx_word' id='word_1_316' title='bbox 2363 2428 2524 2495; x_wconf 90' lang='lat' dir='ltr'><strong>putet</strong></span> <span class='ocrx_word' id='word_1_317' title='bbox 2554 2423 2689 2494; x_wconf 86' lang='lat' dir='ltr'><strong>quia</strong></span> <span class='ocrx_word' id='word_1_318' title='bbox 2716 2426 2937 2482; x_wconf 86' lang='lat' dir='ltr'><strong>sufficit</strong></span> 
     </span>
     <span class='ocr_line' id='line_1_48' title="bbox 1754 2494 2940 2568; baseline 0.001 -15"><span class='ocrx_word' id='word_1_319' title='bbox 1754 2494 1973 2553; x_wconf 92' lang='lat' dir='ltr'><strong>homini</strong></span> <span class='ocrx_word' id='word_1_320' title='bbox 1997 2495 2159 2554; x_wconf 86' lang='lat' dir='ltr'><strong>fideli</strong></span> <span class='ocrx_word' id='word_1_321' title='bbox 2178 2511 2525 2568; x_wconf 87' lang='lat' dir='ltr'><strong>cognoscere</strong></span> <span class='ocrx_word' id='word_1_322' title='bbox 2540 2497 2741 2566; x_wconf 88' lang='lat' dir='ltr'><strong>Deum,</strong></span> <span class='ocrx_word' id='word_1_323' title='bbox 2761 2500 2850 2553; x_wconf 89' lang='lat' dir='ltr'><strong>est</strong></span> <span class='ocrx_word' id='word_1_324' title='bbox 2871 2503 2940 2555; x_wconf 87' lang='lat' dir='ltr'><strong>et</strong></span> 
     </span>
     <span class='ocr_line' id='line_1_49' title="bbox 1754 2565 2935 2637; baseline 0.001 -13"><span class='ocrx_word' id='word_1_325' title='bbox 1754 2568 2143 2625; x_wconf 90' lang='lat' dir='ltr'><strong>necessarium</strong></span> <span class='ocrx_word' id='word_1_326' title='bbox 2159 2565 2420 2625; x_wconf 88' lang='lat' dir='ltr'><strong>confiteri</strong></span> <span class='ocrx_word' id='word_1_327' title='bbox 2451 2570 2668 2637; x_wconf 83' lang='lat' dir='ltr'><strong>Deum3</strong></span> <span class='ocrx_word' id='word_1_328' title='bbox 2703 2572 2760 2623; x_wconf 90' lang='lat' dir='ltr'><strong>et</strong></span> <span class='ocrx_word' id='word_1_329' title='bbox 2796 2567 2935 2625; x_wconf 89' lang='lat' dir='ltr'><strong>ideo</strong></span> 
     </span>
     <span class='ocr_line' id='line_1_50' title="bbox 1755 2638 2936 2709; baseline 0 -13"><span class='ocrx_word' id='word_1_330' title='bbox 1755 2656 1968 2697; x_wconf 84' lang='lat' dir='ltr'><strong>caecum</strong></span> <span class='ocrx_word' id='word_1_331' title='bbox 1997 2645 2056 2696; x_wconf 90' lang='lat' dir='ltr'><strong>et</strong></span> <span class='ocrx_word' id='word_1_332' title='bbox 2097 2645 2322 2697; x_wconf 89' lang='lat' dir='ltr'><strong>mutum</strong></span> <span class='ocrx_word' id='word_1_333' title='bbox 2351 2639 2592 2709; x_wconf 88' lang='lat' dir='ltr'><strong>curavit,</strong></span> <span class='ocrx_word' id='word_1_334' title='bbox 2629 2638 2825 2695; x_wconf 87' lang='lat' dir='ltr'><strong>oculos</strong></span> <span class='ocrx_word' id='word_1_335' title='bbox 2855 2640 2936 2696; x_wconf 89' lang='lat' dir='ltr'><strong>ad</strong></span> 
     </span>
     <span class='ocr_line' id='line_1_51' title="bbox 1753 2710 2937 2781; baseline 0.001 -15"><span class='ocrx_word' id='word_1_336' title='bbox 1753 2711 2211 2781; x_wconf 89' lang='lat' dir='ltr'><strong>cognoscendum</strong></span> <span class='ocrx_word' id='word_1_337' title='bbox 2239 2753 2255 2780; x_wconf 95' lang='lat'><strong>,</strong></span> <span class='ocrx_word' id='word_1_338' title='bbox 2308 2727 2373 2767; x_wconf 92' lang='lat' dir='ltr'><strong>os</strong></span> <span class='ocrx_word' id='word_1_339' title='bbox 2418 2711 2492 2766; x_wconf 89' lang='lat' dir='ltr'><strong>ad</strong></span> <span class='ocrx_word' id='word_1_340' title='bbox 2543 2710 2937 2767; x_wconf 84' lang='lat' dir='ltr'><strong>confitendum</strong></span> 
     </span>
     <span class='ocr_line' id='line_1_52' title="bbox 1753 2780 2936 2855; baseline 0 -17"><span class='ocrx_word' id='word_1_341' title='bbox 1753 2783 1956 2846; x_wconf 89' lang='lat' dir='ltr'><strong>Deum.</strong></span> <span class='ocrx_word' id='word_1_342' title='bbox 1988 2780 2095 2848; x_wconf 89' lang='lat' dir='ltr'><strong>Qui</strong></span> <span class='ocrx_word' id='word_1_343' title='bbox 2123 2782 2437 2855; x_wconf 85' lang='lat' dir='ltr'><strong>cognoscit,</strong></span> <span class='ocrx_word' id='word_1_344' title='bbox 2469 2785 2527 2838; x_wconf 89' lang='lat' dir='ltr'><strong>et</strong></span> <span class='ocrx_word' id='word_1_345' title='bbox 2553 2797 2669 2837; x_wconf 91' lang='lat' dir='ltr'><strong>non</strong></span> <span class='ocrx_word' id='word_1_346' title='bbox 2699 2781 2936 2838; x_wconf 83' lang='lat' dir='ltr'><strong>confite-</strong></span> 
     </span>
     <span class='ocr_line' id='line_1_53' title="bbox 1753 2852 2938 2922; baseline 0 -14"><span class='ocrx_word' id='word_1_347' title='bbox 1753 2857 1868 2922; x_wconf 86' lang='lat' dir='ltr'><strong>tur,</strong></span> <span class='ocrx_word' id='word_1_348' title='bbox 1907 2853 2005 2910; x_wconf 88' lang='lat' dir='ltr'><strong>ille</strong></span> <span class='ocrx_word' id='word_1_349' title='bbox 2056 2853 2162 2909; x_wconf 89' lang='lat' dir='ltr'><strong>etsi</strong></span> <span class='ocrx_word' id='word_1_350' title='bbox 2213 2854 2407 2911; x_wconf 90' lang='lat' dir='ltr'><strong>oculos</strong></span> <span class='ocrx_word' id='word_1_351' title='bbox 2463 2852 2670 2909; x_wconf 89' lang='lat' dir='ltr'><strong>mentis</strong></span> <span class='ocrx_word' id='word_1_352' title='bbox 2719 2853 2938 2909; x_wconf 88' lang='lat' dir='ltr'><strong>habeat</strong></span> 
     </span>
     <span class='ocr_line' id='line_1_54' title="bbox 1757 2922 2936 2995; baseline -0.003 -14"><span class='ocrx_word' id='word_1_353' title='bbox 1757 2929 2009 2995; x_wconf 89' lang='lat' dir='ltr'><strong>curatos,</strong></span> <span class='ocrx_word' id='word_1_354' title='bbox 2039 2928 2234 2982; x_wconf 88' lang='lat' dir='ltr'><strong>tamen</strong></span> <span class='ocrx_word' id='word_1_355' title='bbox 2263 2926 2451 2982; x_wconf 89' lang='lat' dir='ltr'><strong>adhuc</strong></span> <span class='ocrx_word' id='word_1_356' title='bbox 2480 2928 2669 2981; x_wconf 88' lang='lat' dir='ltr'><strong>mutus</strong></span> <span class='ocrx_word' id='word_1_357' title='bbox 2690 2928 2793 2979; x_wconf 90' lang='lat' dir='ltr'><strong>est.</strong></span> <span class='ocrx_word' id='word_1_358' title='bbox 2823 2922 2936 2990; x_wconf 89' lang='lat' dir='ltr'><strong>Qui</strong></span> 
     </span>
     <span class='ocr_line' id='line_1_55' title="bbox 1758 2993 2936 3068; baseline -0.005 -14"><span class='ocrx_word' id='word_1_359' title='bbox 1758 3012 1896 3068; x_wconf 89' lang='lat' dir='ltr'><strong>ergo</strong></span> <span class='ocrx_word' id='word_1_360' title='bbox 1927 2996 2129 3053; x_wconf 87' lang='lat' dir='ltr'><strong>videns</strong></span> <span class='ocrx_word' id='word_1_361' title='bbox 2154 3012 2272 3054; x_wconf 91' lang='lat' dir='ltr'><strong>non</strong></span> <span class='ocrx_word' id='word_1_362' title='bbox 2307 2995 2444 3053; x_wconf 83' lang='lat' dir='ltr'><strong>facit</strong></span> <span class='ocrx_word' id='word_1_363' title='bbox 2484 2997 2770 3068; x_wconf 86' lang='lat' dir='ltr'><strong>praecepta</strong></span> <span class='ocrx_word' id='word_1_364' title='bbox 2802 2993 2936 3064; x_wconf 86' lang='lat' dir='ltr'><strong>Dei,</strong></span> 
     </span>
     <span class='ocr_line' id='line_1_56' title="bbox 1759 3064 2941 3146; baseline -0.004 -22"><span class='ocrx_word' id='word_1_365' title='bbox 1759 3072 1818 3124; x_wconf 90' lang='lat' dir='ltr'><strong>et</strong></span> <span class='ocrx_word' id='word_1_366' title='bbox 1848 3067 1945 3139; x_wconf 91' lang='lat' dir='ltr'><strong>qui</strong></span> <span class='ocrx_word' id='word_1_367' title='bbox 1991 3069 2232 3138; x_wconf 87' lang='lat' dir='ltr'><strong>loquens</strong></span> <span class='ocrx_word' id='word_1_368' title='bbox 2281 3083 2398 3123; x_wconf 93' lang='lat' dir='ltr'><strong>non</strong></span> <span class='ocrx_word' id='word_1_369' title='bbox 2427 3067 2678 3137; x_wconf 88' lang='lat' dir='ltr'><strong>loquitur</strong></span> <span class='ocrx_word' id='word_1_370' title='bbox 2704 3064 2941 3146; x_wconf 80' lang='lat' dir='ltr'><strong>laudem</strong></span> 
     </span>
     <span class='ocr_line' id='line_1_57' title="bbox 1758 3137 2942 3208; baseline -0.003 -13"><span class='ocrx_word' id='word_1_371' title='bbox 1758 3137 1861 3195; x_wconf 90' lang='lat' dir='ltr'><strong>Dei</strong></span> <span class='ocrx_word' id='word_1_372' title='bbox 1898 3143 1956 3193; x_wconf 88' lang='lat' dir='ltr'><strong>et</strong></span> <span class='ocrx_word' id='word_1_373' title='bbox 2000 3138 2267 3208; x_wconf 88' lang='lat' dir='ltr'><strong>gratiam,</strong></span> <span class='ocrx_word' id='word_1_374' title='bbox 2303 3137 2401 3193; x_wconf 90' lang='lat' dir='ltr'><strong>ille</strong></span> <span class='ocrx_word' id='word_1_375' title='bbox 2439 3138 2543 3192; x_wconf 85' lang='lat' dir='ltr'><strong>etsi</strong></span> <span class='ocrx_word' id='word_1_376' title='bbox 2570 3138 2842 3208; x_wconf 81' lang='lat' dir='ltr'><strong>loquitur,</strong></span> <span class='ocrx_word' id='word_1_377' title='bbox 2874 3139 2942 3191; x_wconf 83' lang='lat' dir='ltr'><strong>et</strong></span> 
     </span>
     <span class='ocr_line' id='line_1_58' title="bbox 1757 3207 2945 3277; baseline -0.002 -14"><span class='ocrx_word' id='word_1_378' title='bbox 1757 3208 1940 3275; x_wconf 83' lang='lat' dir='ltr'><strong>videt3</strong></span> <span class='ocrx_word' id='word_1_379' title='bbox 1975 3213 2248 3277; x_wconf 87' lang='lat' dir='ltr'><strong>quantum</strong></span> <span class='ocrx_word' id='word_1_380' title='bbox 2289 3207 2361 3262; x_wconf 91' lang='lat' dir='ltr'><strong>ad</strong></span> <span class='ocrx_word' id='word_1_381' title='bbox 2403 3208 2603 3274; x_wconf 90' lang='lat' dir='ltr'><strong>Deum,</strong></span> <span class='ocrx_word' id='word_1_382' title='bbox 2648 3213 2844 3262; x_wconf 89' lang='lat' dir='ltr'><strong>tamen</strong></span> <span class='ocrx_word' id='word_1_383' title='bbox 2876 3209 2945 3261; x_wconf 86' lang='lat' dir='ltr'><strong>et</strong></span> 
     </span>
     <span class='ocr_line' id='line_1_59' title="bbox 1758 3275 2946 3333; baseline -0.001 0"><span class='ocrx_word' id='word_1_384' title='bbox 1758 3282 1950 3333; x_wconf 89' lang='lat' dir='ltr'><strong>mutus</strong></span> <span class='ocrx_word' id='word_1_385' title='bbox 2004 3282 2062 3331; x_wconf 92' lang='lat' dir='ltr'><strong>et</strong></span> <span class='ocrx_word' id='word_1_386' title='bbox 2107 3292 2289 3333; x_wconf 88' lang='lat' dir='ltr'><strong>caecus</strong></span> <span class='ocrx_word' id='word_1_387' title='bbox 2340 3279 2447 3330; x_wconf 89' lang='lat' dir='ltr'><strong>est.</strong></span> <span class='ocrx_word' id='word_1_388' title='bbox 2491 3277 2615 3329; x_wconf 91' lang='lat' dir='ltr'><strong>Non</strong></span> <span class='ocrx_word' id='word_1_389' title='bbox 2649 3276 2806 3330; x_wconf 89' lang='lat' dir='ltr'><strong>enim</strong></span> <span class='ocrx_word' id='word_1_390' title='bbox 2840 3275 2946 3332; x_wconf 83' lang='lat' dir='ltr'><strong>ille</strong></span> 
     </span>
     <span class='ocr_line' id='line_1_60' title="bbox 1757 3343 2944 3417; baseline -0.005 -15"><span class='ocrx_word' id='word_1_391' title='bbox 1757 3346 1916 3402; x_wconf 90' lang='lat' dir='ltr'><strong>videt</strong></span> <span class='ocrx_word' id='word_1_392' title='bbox 1943 3348 2144 3413; x_wconf 90' lang='lat' dir='ltr'><strong>Deum,</strong></span> <span class='ocrx_word' id='word_1_393' title='bbox 2178 3345 2274 3416; x_wconf 87' lang='lat' dir='ltr'><strong>qui</strong></span> <span class='ocrx_word' id='word_1_394' title='bbox 2303 3344 2409 3400; x_wconf 88' lang='lat' dir='ltr'><strong>scit</strong></span> <span class='ocrx_word' id='word_1_395' title='bbox 2438 3345 2619 3398; x_wconf 91' lang='lat' dir='ltr'><strong>Deum</strong></span> <span class='ocrx_word' id='word_1_396' title='bbox 2647 3359 2662 3411; x_wconf 89' lang='grc'><strong>;</strong></span> <span class='ocrx_word' id='word_1_397' title='bbox 2697 3343 2799 3397; x_wconf 89' lang='lat' dir='ltr'><strong>sed</strong></span> <span class='ocrx_word' id='word_1_398' title='bbox 2838 3345 2944 3417; x_wconf 89' lang='lat' dir='ltr'><strong>qui</strong></span> 
     </span>
     <span class='ocr_line' id='line_1_61' title="bbox 1760 3411 2946 3487; baseline 0.001 -15"><span class='ocrx_word' id='word_1_399' title='bbox 1760 3416 1924 3472; x_wconf 90' lang='lat' dir='ltr'><strong>timet</strong></span> <span class='ocrx_word' id='word_1_400' title='bbox 1952 3419 2009 3470; x_wconf 91' lang='lat' dir='ltr'><strong>et</strong></span> <span class='ocrx_word' id='word_1_401' title='bbox 2038 3414 2225 3487; x_wconf 89' lang='lat' dir='ltr'><strong>diligit</strong></span> <span class='ocrx_word' id='word_1_402' title='bbox 2260 3417 2461 3471; x_wconf 91' lang='lat' dir='ltr'><strong>Deum.</strong></span> <span class='ocrx_word' id='word_1_403' title='bbox 2494 3411 2689 3485; x_wconf 84' lang='lat' dir='ltr'><strong>Et&#39;qui</strong></span> <span class='ocrx_word' id='word_1_404' title='bbox 2720 3419 2851 3471; x_wconf 87' lang='lat' dir='ltr'><strong>orat</strong></span> <span class='ocrx_word' id='word_1_405' title='bbox 2881 3422 2946 3473; x_wconf 88' lang='lat' dir='ltr'><strong>et</strong></span> 
     </span>
     <span class='ocr_line' id='line_1_62' title="bbox 1758 3483 2945 3559; baseline 0.003 -18"><span class='ocrx_word' id='word_1_406' title='bbox 1758 3485 1972 3559; x_wconf 89' lang='lat' dir='ltr'><strong>psallit,</strong></span> <span class='ocrx_word' id='word_1_407' title='bbox 2003 3488 2060 3541; x_wconf 90' lang='lat' dir='ltr'><strong>et</strong></span> <span class='ocrx_word' id='word_1_408' title='bbox 2104 3501 2221 3541; x_wconf 91' lang='lat' dir='ltr'><strong>non</strong></span> <span class='ocrx_word' id='word_1_409' title='bbox 2266 3483 2402 3542; x_wconf 84' lang='lat' dir='ltr'><strong>facit</strong></span> <span class='ocrx_word' id='word_1_410' title='bbox 2430 3500 2557 3555; x_wconf 85' lang='lat' dir='ltr'><strong>quae</strong></span> <span class='ocrx_word' id='word_1_411' title='bbox 2581 3484 2800 3555; x_wconf 89' lang='lat' dir='ltr'><strong>laudat,</strong></span> <span class='ocrx_word' id='word_1_412' title='bbox 2838 3485 2945 3544; x_wconf 83' lang='lat' dir='ltr'><strong>ille</strong></span> 
     </span>
     <span class='ocr_line' id='line_1_63' title="bbox 1763 3555 2938 3629; baseline -0.001 -16"><span class='ocrx_word' id='word_1_413' title='bbox 1763 3571 2003 3628; x_wconf 86' lang='lat' dir='ltr'><strong>corpore</strong></span> <span class='ocrx_word' id='word_1_414' title='bbox 2015 3555 2490 3629; x_wconf 87' lang='lat' dir='ltr'><strong>loquitur,animo</strong></span> <span class='ocrx_word' id='word_1_415' title='bbox 2507 3563 2702 3614; x_wconf 87' lang='lat' dir='ltr'><strong>autem</strong></span> <span class='ocrx_word' id='word_1_416' title='bbox 2714 3559 2865 3613; x_wconf 87' lang='lat' dir='ltr'><strong>tacet</strong></span> <span class='ocrx_word' id='word_1_417' title='bbox 2881 3574 2938 3612; x_wconf 73' lang='lat' dir='ltr'><strong>z»</strong></span> 
     </span>
     <span class='ocr_line' id='line_1_64' title="bbox 1761 3629 2892 3697; baseline -0.001 -11"><span class='ocrx_word' id='word_1_418' title='bbox 1761 3630 1886 3686; x_wconf 89' lang='lat' dir='ltr'><strong>haec</strong></span> <span class='ocrx_word' id='word_1_419' title='bbox 1916 3629 2349 3697; x_wconf 78' lang='lat' dir='ltr'><strong>chrysostomus.</strong></span> <span class='ocrx_word' id='word_1_420' title='bbox 2885 3645 2892 3651; x_wconf 90' lang='lat'><strong>·</strong></span> 
     </span>
     <span class='ocr_line' id='line_1_65' title="bbox 1837 3700 2937 3760; baseline 0.004 -4"><span class='ocrx_word' id='word_1_421' title='bbox 1837 3720 1866 3756; x_wconf 81' lang='lat'>2</span> <span class='ocrx_word' id='word_1_422' title='bbox 1919 3700 2131 3756; x_wconf 65' lang='lat' dir='ltr'><strong>mem</strong></span> <span class='ocrx_word' id='word_1_423' title='bbox 2179 3718 2275 3757; x_wconf 74' lang='lat' dir='ltr'><strong>nsr</strong></span> <span class='ocrx_word' id='word_1_424' title='bbox 2322 3718 2544 3759; x_wconf 74' lang='lat' dir='ltr'><strong>nomme</strong></span> <span class='ocrx_word' id='word_1_425' title='bbox 2588 3718 2647 3759; x_wconf 80' lang='lat' dir='ltr'><strong>m</strong></span> <span class='ocrx_word' id='word_1_426' title='bbox 2703 3720 2937 3760; x_wconf 63' lang='lat' dir='ltr'><strong>peccaro</strong></span> 
     </span>
     <span class='ocr_line' id='line_1_66' title="bbox 1763 3773 2936 3847; baseline 0.003 -19"><span class='ocrx_word' id='word_1_427' title='bbox 1763 3787 1999 3828; x_wconf 71' lang='lat' dir='ltr'><strong>nouum</strong></span> <span class='ocrx_word' id='word_1_428' title='bbox 2036 3789 2488 3831; x_wconf 59' lang='lat' dir='ltr'><strong>reassumimus,</strong></span> <span class='ocrx_word' id='word_1_429' title='bbox 2533 3801 2603 3814; x_wconf 94' lang='lat'><strong>—</strong></span> <span class='ocrx_word' id='word_1_430' title='bbox 2656 3773 2936 3847; x_wconf 86' lang='lat' dir='ltr'><strong>Spiritua-</strong></span> 
     </span>
     <span class='ocr_line' id='line_1_67' title="bbox 1767 3842 2940 3916; baseline 0.002 -17"><span class='ocrx_word' id='word_1_431' title='bbox 1767 3842 1919 3913; x_wconf 89' lang='lat' dir='ltr'><strong>liter,</strong></span> <span class='ocrx_word' id='word_1_432' title='bbox 1960 3843 2307 3901; x_wconf 87' lang='lat' dir='ltr'><strong>daemonium</strong></span> <span class='ocrx_word' id='word_1_433' title='bbox 2343 3844 2441 3901; x_wconf 92' lang='lat' dir='ltr'><strong>ille</strong></span> <span class='ocrx_word' id='word_1_434' title='bbox 2478 3844 2673 3911; x_wconf 88' lang='lat' dir='ltr'><strong>hahet,</strong></span> <span class='ocrx_word' id='word_1_435' title='bbox 2721 3845 2818 3916; x_wconf 90' lang='lat' dir='ltr'><strong>qui</strong></span> <span class='ocrx_word' id='word_1_436' title='bbox 2873 3844 2940 3901; x_wconf 88' lang='lat' dir='ltr'><strong>in</strong></span> 
     </span>
     <span class='ocr_line' id='line_1_68' title="bbox 1765 3914 2940 3989; baseline 0.001 -17"><span class='ocrx_word' id='word_1_437' title='bbox 1765 3918 2000 3987; x_wconf 90' lang='lat' dir='ltr'><strong>peccato</strong></span> <span class='ocrx_word' id='word_1_438' title='bbox 2030 3916 2259 3973; x_wconf 90' lang='lat' dir='ltr'><strong>mortali</strong></span> <span class='ocrx_word' id='word_1_439' title='bbox 2287 3919 2633 3989; x_wconf 83' lang='lat' dir='ltr'><strong>perseverat.</strong></span> <span class='ocrx_word' id='word_1_440' title='bbox 2653 3914 2940 3983; x_wconf 89' lang='lat' dir='ltr'><strong>Quamdiu</strong></span> 
     </span>
     <span class='ocr_line' id='line_1_69' title="bbox 1766 3984 2938 4058; baseline -0.001 -16"><span class='ocrx_word' id='word_1_441' title='bbox 1766 3986 1920 4042; x_wconf 89' lang='lat' dir='ltr'><strong>enim</strong></span> <span class='ocrx_word' id='word_1_442' title='bbox 1976 3992 2273 4058; x_wconf 90' lang='lat' dir='ltr'><strong>peccatum</strong></span> <span class='ocrx_word' id='word_1_443' title='bbox 2327 3987 2387 4044; x_wconf 91' lang='lat' dir='ltr'><strong>in</strong></span> <span class='ocrx_word' id='word_1_444' title='bbox 2442 3984 2673 4044; x_wconf 89' lang='lat' dir='ltr'><strong>homine</strong></span> <span class='ocrx_word' id='word_1_445' title='bbox 2710 3990 2938 4057; x_wconf 89' lang='lat' dir='ltr'><strong>regnat,</strong></span> 
     </span>
     <span class='ocr_line' id='line_1_70' title="bbox 1764 4055 2938 4131; baseline 0 -17"><span class='ocrx_word' id='word_1_446' title='bbox 1764 4055 1988 4115; x_wconf 89' lang='lat' dir='ltr'><strong>tamdiu</strong></span> <span class='ocrx_word' id='word_1_447' title='bbox 2031 4058 2213 4115; x_wconf 80' lang='lat' dir='ltr'><strong>victus</strong></span> <span class='ocrx_word' id='word_1_448' title='bbox 2242 4062 2299 4115; x_wconf 89' lang='lat' dir='ltr'><strong>et</strong></span> <span class='ocrx_word' id='word_1_449' title='bbox 2335 4058 2592 4131; x_wconf 88' lang='lat' dir='ltr'><strong>captivus</strong></span> <span class='ocrx_word' id='word_1_450' title='bbox 2637 4073 2672 4112; x_wconf 89' lang='lat' dir='ltr'><strong>a</strong></span> <span class='ocrx_word' id='word_1_451' title='bbox 2708 4056 2938 4114; x_wconf 85' lang='lat' dir='ltr'><strong>diabolo</strong></span> 
     </span>
     <span class='ocr_line' id='line_1_71' title="bbox 1765 4128 2940 4202; baseline -0.002 -16"><span class='ocrx_word' id='word_1_452' title='bbox 1765 4128 2094 4202; x_wconf 87' lang='lat' dir='ltr'><strong>possidetur</strong></span> <span class='ocrx_word' id='word_1_453' title='bbox 2119 4134 2175 4186; x_wconf 90' lang='lat' dir='ltr'><strong>et</strong></span> <span class='ocrx_word' id='word_1_454' title='bbox 2193 4129 2527 4202; x_wconf 87' lang='lat' dir='ltr'><strong>captivatur.</strong></span> <span class='ocrx_word' id='word_1_455' title='bbox 2544 4129 2721 4185; x_wconf 87' lang='lat' dir='ltr'><strong>Vexat</strong></span> <span class='ocrx_word' id='word_1_456' title='bbox 2749 4133 2940 4184; x_wconf 89' lang='lat' dir='ltr'><strong>autem</strong></span> 
     </span>
    </p>
   </div>
   <div class='ocr_carea' id='block_1_14' title="bbox 478 4198 2939 4274">
    <p class='ocr_par' dir='ltr' id='par_1_14' title="bbox 478 4198 2939 4274">
     <span class='ocr_line' id='line_1_72' title="bbox 478 4198 2939 4274; baseline -0.001 -17"><span class='ocrx_word' id='word_1_457' title='bbox 478 4202 576 4273; x_wconf 89' lang='lat' dir='ltr'><strong>qui</strong></span> <span class='ocrx_word' id='word_1_458' title='bbox 616 4217 734 4259; x_wconf 92' lang='lat' dir='ltr'><strong>non</strong></span> <span class='ocrx_word' id='word_1_459' title='bbox 762 4201 1053 4274; x_wconf 87' lang='lat' dir='ltr'><strong>intelligit,</strong></span> <span class='ocrx_word' id='word_1_460' title='bbox 1093 4206 1150 4258; x_wconf 91' lang='lat' dir='ltr'><strong>et</strong></span> <span class='ocrx_word' id='word_1_461' title='bbox 1196 4218 1315 4259; x_wconf 91' lang='lat' dir='ltr'><strong>non</strong></span> <span class='ocrx_word' id='word_1_462' title='bbox 1354 4202 1664 4258; x_wconf 89' lang='lat' dir='ltr'><strong>confitetur</strong></span> <span class='ocrx_word' id='word_1_463' title='bbox 1769 4217 1903 4257; x_wconf 93' lang='lat' dir='ltr'><strong>eum</strong></span> <span class='ocrx_word' id='word_1_464' title='bbox 1942 4200 2291 4258; x_wconf 84' lang='lat' dir='ltr'><strong>daemonium</strong></span> <span class='ocrx_word' id='word_1_465' title='bbox 2337 4200 2544 4273; x_wconf 88' lang='lat' dir='ltr'><strong>triplex</strong></span> <span class='ocrx_word' id='word_1_466' title='bbox 2585 4215 2601 4256; x_wconf 72' lang='grc' dir='ltr'><strong>ι</strong></span> <span class='ocrx_word' id='word_1_467' title='bbox 2648 4198 2939 4272; x_wconf 89' lang='lat' dir='ltr'><strong>superbia,</strong></span> 
     </span>
    </p>
   </div>
   <div class='ocr_carea' id='block_1_15' title="bbox 476 4271 1666 4347">
    <p class='ocr_par' dir='ltr' id='par_1_15' title="bbox 476 4271 1666 4347">
     <span class='ocr_line' id='line_1_73' title="bbox 476 4271 1666 4347; baseline 0.003 -19"><span class='ocrx_word' id='word_1_468' title='bbox 476 4271 663 4344; x_wconf 87' lang='lat' dir='ltr'><strong>ipsam</strong></span> <span class='ocrx_word' id='word_1_469' title='bbox 707 4273 901 4346; x_wconf 87' lang='lat' dir='ltr'><strong>fidem,</strong></span> <span class='ocrx_word' id='word_1_470' title='bbox 941 4272 1055 4345; x_wconf 83' lang='lat' dir='ltr'><strong>vel,</strong></span> <span class='ocrx_word' id='word_1_471' title='bbox 1094 4273 1193 4347; x_wconf 91' lang='lat' dir='ltr'><strong>qui</strong></span> <span class='ocrx_word' id='word_1_472' title='bbox 1233 4289 1350 4331; x_wconf 91' lang='lat' dir='ltr'><strong>non</strong></span> <span class='ocrx_word' id='word_1_473' title='bbox 1393 4273 1494 4332; x_wconf 88' lang='lat' dir='ltr'><strong>dat</strong></span> <span class='ocrx_word' id='word_1_474' title='bbox 1546 4273 1666 4332; x_wconf 89' lang='lat' dir='ltr'><strong>lau·</strong></span> 
     </span>
    </p>
   </div>
   <div class='ocr_carea' id='block_1_16' title="bbox 1769 4270 2943 4347">
    <p class='ocr_par' dir='ltr' id='par_1_16' title="bbox 1769 4270 2943 4347">
     <span class='ocr_line' id='line_1_74' title="bbox 1769 4270 2943 4347; baseline -0.004 -15"><span class='ocrx_word' id='word_1_475' title='bbox 1769 4270 1834 4332; x_wconf 88' lang='lat' dir='ltr'><strong>in</strong></span> <span class='ocrx_word' id='word_1_476' title='bbox 1863 4276 2090 4344; x_wconf 88' lang='lat' dir='ltr'><strong>mente;</strong></span> <span class='ocrx_word' id='word_1_477' title='bbox 2123 4271 2603 4347; x_wconf 88' lang='lat' dir='ltr'><strong>concupiscentia,</strong></span> <span class='ocrx_word' id='word_1_478' title='bbox 2634 4270 2696 4329; x_wconf 90' lang='lat' dir='ltr'><strong>in</strong></span> <span class='ocrx_word' id='word_1_479' title='bbox 2729 4285 2943 4338; x_wconf 86' lang='lat' dir='ltr'><strong>carne·,</strong></span> 
     </span>
    </p>
   </div>
  </div>
 </body>
</html>
