3146 5023
663 384 738 433 DE
793 383 1048 439 sttuffls
1103 382 1445 438 ctttttsTtJM
1502 386 1845 439 LAPIDARE
1905 385 2345 438 VOLENTIBUS.
2642 385 2739 437 287

284 489 460 544 ander
490 488 702 544 diceret
735 504 795 544 se
826 488 1242 546 dominatorem
1273 491 1448 557 orbis,

287 557 381 615 ille
409 559 524 615 ait:
548 561 916 632 Nequaquam
948 577 1008 617 es
1041 560 1321 625 dominus,
1352 562 1451 619 sed

287 646 582 689 servorum
629 648 884 689 meorum
927 648 1139 688 servus.
1175 632 1454 704 Superbia

287 702 459 769 enim,
488 702 721 760 domina
770 711 866 760 tua
894 708 950 759 et
975 703 1182 759 ancilla
1222 721 1368 771 mea,
1398 710 1454 762 te

287 773 678 839 circumducit,
715 791 819 846 ego
862 782 1054 831 autem
1100 792 1223 831 eam
1258 793 1456 849 suppe-

286 843 457 901 ditavi
485 864 498 909 ;
531 845 773 902 carnalis
793 845 1249 918 concupiscentia
1270 853 1325 903 et
1348 865 1453 920 gu-

286 916 341 972 la
375 922 505 973 sunt
534 916 777 974 dominae
804 924 939 983 tuae,
970 922 1028 974 et
1052 919 1253 975 ancilla
1288 936 1449 991 mcae,

285 1004 413 1058 quae
463 996 514 1043 te
570 989 782 1046 ducunt
819 996 875 1046 et
913 989 1016 1046 tibi
1056 990 1440 1055 dominantur,

288 1076 391 1114 eoo
419 1066 607 1117 autem
635 1076 729 1117 eas
760 1059 1113 1131 suppeditavi
1135 1070 1191 1117 et
1218 1062 1327 1117 vici
1353 1081 1365 1131 3
1402 1067 1457 1119 et

289 1132 303 1186 i
349 1147 436 1199 ec,
461 1138 519 1187 tu
545 1148 607 1188 es
633 1148 927 1188 servorum
951 1148 1207 1188 meorum
1239 1149 1452 1191 servus.

290 1202 506 1258 Deinde
537 1202 782 1259 ostendit
817 1219 1038 1273 poenam
1075 1205 1239 1274 liujus
1277 1205 1455 1262 servi-

272 1273 445 1342 tutis,
478 1275 669 1329 dicens
701 1293 715 1329 z
748 1276 949 1331 Servus
996 1279 1198 1344 autem,
1241 1275 1457 1333 scilicet

288 1345 490 1417 culpae,
522 1362 631 1401 non
665 1352 850 1402 manet
886 1349 946 1401 in
990 1347 1168 1416 dome,
1198 1347 1255 1402 id
1283 1355 1367 1403 est
1399 1350 1455 1404 in

288 1416 559 1479 Ecclesia,
584 1420 644 1473 in
689 1424 969 1487 aeternum,
1000 1416 1132 1472 licet
1176 1419 1343 1474 modo
1383 1420 1455 1476 ad

286 1493 530 1612 tempus,
561 1486 619 1542 in
671 1497 944 1562 quantum
990 1495 1076 1543 est
1105 1488 1175 1544 de
1216 1505 1454 1545 numero

288 1559 573 1627 fideium3
625 1560 759 1629 quia
818 1562 984 1615 modo
1044 1565 1174 1615 sunt
1223 1561 1455 1617 admixti

289 1629 425 1685 mali
456 1647 584 1686 cum
615 1631 793 1698 bonis,
823 1636 880 1687 et
908 1630 967 1687 in
992 1631 1181 1686 futuro
1203 1633 1275 1688 ab
1305 1631 1450 1689 invi·

290 1717 413 1757 cem
472 1702 893 1770 separabuntur
915 1748 929 1771 ,
994 1701 1139 1758 sicut
1194 1720 1329 1759 oves
1384 1705 1454 1761 ab

288 1772 495 1841 hoedis;
527 1776 705 1829 Filius
738 1779 940 1841 autem,
970 1774 1183 1830 scilicet
1221 1775 1319 1831 Dei
1349 1792 1456 1832 na-

287 1844 510 1914 turalis,
542 1850 726 1901 manet
750 1849 810 1902 in
834 1851 1113 1914 recemum,
1142 1847 1277 1917 quia
1305 1849 1455 1903 solus

289 1922 376 1971 est
405 1915 527 1972 sine
556 1926 806 1987 peccato,
832 1927 887 1974 et
913 1919 993 1975 sic
1014 1919 1186 1975 hahet
1204 1925 1454 1989 potesta-

286 1992 402 2043 tem
455 1988 597 2044 alios
636 1988 914 2045 liberandi
968 2005 1003 2045 a
1036 2000 1282 2060 peccam,
1326 1989 1459 2046 faci-

289 2060 435 2114 endo
487 2075 583 2115 eos
630 2060 776 2116 filios
809 2062 907 2116 Dei
948 2060 1135 2116 Patris
1182 2077 1281 2131 per
1326 2077 1454 2132 gra-

288 2128 424 2185 tiam
464 2130 799 2202 adoptioniS,
855 2137 916 2188 ut
960 2148 1153 2188 secum
1192 2137 1458 2189 maneant

289 2200 348 2257 in
379 2204 547 2259 domo
604 2201 901 2260 libertatis.
953 2205 1021 2258 Et
1048 2204 1155 2259 hoc
1191 2211 1276 2260 est
1304 2204 1454 2276 quod

290 2272 596 2337 concludit,
626 2274 818 2331 dicens
851 2291 863 2329 :
897 2277 962 2333 Si
990 2291 1114 2344 erqo
1136 2278 1336 2345 Filiae,
1359 2273 1455 2346 qui

294 2360 421 2400 vere
450 2344 597 2402 liber
627 2352 709 2402 est
746 2350 805 2402 et
851 2351 1051 2417 potens
1094 2349 1146 2402 in
1186 2347 1353 2403 domo
1389 2346 1453 2402 li-

293 2415 545 2486 bertatiS‚
581 2434 675 2473 vos
708 2419 964 2474 liberavit
989 2435 1022 2474 a
1049 2417 1318 2475 servitute
1342 2419 1455 2476 cul-

290 2502 395 2560 pae.
418 2504 541 2544 vere
570 2490 731 2545 liberi
756 2493 932 2559 eritis,
967 2506 1080 2545 non
1107 2506 1141 2545 a
1174 2491 1450 2562 barbaris,

287 2561 385 2616 sed
415 2576 449 2615 a
477 2559 737 2630 diabolo;
768 2577 882 2616 non
917 2577 952 2617 a
981 2560 1235 2631 corporis
1273 2561 1452 2632 capti-

290 2629 483 2700 vitate,
514 2632 615 2688 sed
655 2632 727 2688 ab
775 2633 980 2688 animae
1026 2631 1350 2704 iniquitate,
1391 2638 1455 2690 ut

291 2707 582 2773 peccatum
630 2719 747 2760 non
797 2703 1123 2760 dominetur
1165 2702 1223 2758 in
1267 2705 1450 2775 vobis,

286 2773 419 2844 quia
466 2776 523 2830 in
578 2776 683 2832 hoc
735 2774 990 2831 consistit
1038 2790 1172 2831 vera
1198 2774 1450 2831 libertas.

289 2845 444 2900 Unde
491 2844 629 2902 dicit
674 2847 969 2915 Greqorius
1004 2864 1017 2902 :
1050 2865 1078 2899 «
1106 2847 1283 2913 Quem
1314 2863 1453 2902 con-

289 2914 527 2973 scientia
575 2917 851 2988 defendit,
880 2918 1055 2974 etiam
1093 2918 1242 2972 inter
1286 2933 1451 2974 accu-

287 2991 502 3044 satores
525 2987 670 3044 liber
699 2996 802 3045 est.
836 3009 864 3042 »
915 2991 1073 3045 Unde
1104 2993 1160 3044 et
1183 2992 1405 3045 Boetius
1437 3006 1449 3044 ε

291 3077 319 3113 «
359 3058 527 3116 Liber
561 3065 645 3116 est
690 3059 786 3131 qui
830 3061 1002 3117 hahet
1041 3058 1281 3117 liberam
1320 3077 1454 3116 con-

287 3128 602 3188 scientiam.
620 3151 647 3185 »
667 3133 830 3188 Patet
849 3148 911 3187 er
953 3148 984 3188 o
1006 3132 1153 3203 quod
1169 3131 1456 3188 mundana

287 3201 543 3272 libertas,
576 3203 645 3260 de
679 3219 789 3274 qua
824 3206 893 3261 Ju
939 3203 1006 3259 aei
1040 3203 1452 3274 gloriabantur,

288 3290 403 3329 non
458 3279 547 3331 est
601 3291 735 3332 vera
792 3274 1060 3341 libertas;
1104 3290 1207 3330 nec
1268 3273 1456 3330 carnis

287 3344 553 3404 nobilitas
597 3352 684 3404 est
723 3363 857 3404 vera
895 3345 1182 3403 nobilitaS.
1217 3346 1328 3403 Sed
1356 3348 1456 3403 ho-

288 3415 400 3486 die,
427 3418 574 3475 heul
609 3424 743 3476 sunt
785 3417 946 3475 multi
986 3416 1084 3490 qui
1124 3418 1194 3474 de
1238 3417 1454 3475 carnali

286 3485 602 3560 nobilitate,
642 3495 699 3547 et
739 3490 1004 3548 libertate
1053 3494 1318 3561 quaerunt
1358 3506 1453 3546 ex-

288 3559 439 3628 tolli;
470 3577 588 3618 non
617 3563 1070 3619 verecundantes
1092 3562 1162 3618 de
1184 3559 1455 3619 servitute

288 3630 524 3701 peccati.
560 3633 881 3690 Secundum
917 3634 1316 3702 Auyustinum‚
1358 3631 1455 3704 qui

288 3716 355 3756 ex
404 3717 600 3759 amore
640 3707 856 3775 peccat,
891 3719 1004 3758 non
1059 3719 1124 3758 ex
1178 3703 1455 3774 languore

290 3777 535 3843 naturae,
567 3790 673 3830 nec
710 3790 775 3829 ex
814 3773 1142 3844 ignorantia
1172 3774 1301 3842 levi,
1336 3790 1454 3831 ser-

290 3860 396 3901 vus
424 3849 510 3901 est
539 3844 785 3916 peccat13
813 3844 927 3900 alia
960 3844 1113 3899 enim
1148 3849 1281 3900 sunt
1324 3861 1455 3917 pec-

293 3920 416 3971 cata
447 3915 814 3983 infirmitatiS,
847 3915 959 3972 alia
988 3912 1308 3986 imperitiae,
1344 3915 1457 3974 alia

291 3986 542 4043 malitiae.
576 3987 879 4043 Infirmitas
915 3992 970 4043 et
1003 3987 1286 4058 imperitia
1318 4004 1455 4044 con-

291 4058 469 4115 traria
498 4064 631 4115 sunt
662 4058 855 4115 virtuti
885 4064 942 4114 et
977 4059 1267 4132 sapientiae
1291 4081 1305 4130 ;
1340 4075 1457 4117 ma·

291 4130 414 4187 litia
445 4130 728 4188 contraria
758 4138 844 4187 est
873 4130 1133 4188 bonitati.

363 4208 397 4271 4
424 4204 594 4260 JUDAEI
630 4220 740 4259 Now
776 4221 1056 4259 murinas
1087 4220 1252 4259 FACTA
1278 4202 1455 4260 Anna-

296 4292 399 4344 nAE‚
440 4293 541 4331 Nec
582 4293 752 4333 1rsms
804 4292 977 4333 ERANT
1024 4293 1160 4332 VERE
1202 4281 1348 4331 mm.
1388 4306 1458 4317 —

299 4346 532 4417 Deinde,
600 4346 847 4404 ostendit
894 4345 1166 4404 Dominus
1218 4346 1453 4404 Judaeos

1563 487 1704 546 istos
1738 507 1851 546 non
1879 506 2002 547 esse
2040 490 2186 548 filios
2214 492 2479 556 Abrahae,
2510 490 2579 545 de
2622 507 2733 560 quo

1564 561 1983 632 gloriabantur3
2031 563 2131 617 sed
2178 561 2366 634 potius
2397 563 2731 631 degeneres,

1566 634 1700 704 quia
1730 649 1860 689 eum
1892 632 2159 705 operibus
2198 633 2331 689 fidei
2360 650 2474 689 non
2507 632 2734 689 imitan-

1565 710 1673 761 tur.
1711 707 1859 761 Vera
1904 704 2118 761 etenim
2163 703 2363 761 filiatio
2415 704 2736 761 declaratur

1566 792 1669 848 per
1688 775 2066 833 imitationem
2086 782 2337 847 paternae
2355 773 2701 832 conditionis
2718 791 2732 843 ;

1567 846 1744 904 Judaei
1777 852 1967 904 autem
2015 864 2131 903 non
2175 847 2547 905 imitabantur
2584 848 2732 903 facta

1567 921 1830 989 Abrabfe,
1860 919 1992 990 quia
2008 921 2342 992 quaerebant
2358 935 2490 976 eum
2517 916 2736 973 interti-

1566 1007 1716 1061 cere,
1737 990 1888 1061 quod
1907 992 2195 1047 Abraham
2221 1007 2331 1046 non
2354 989 2505 1058 fecit,
2533 1005 2599 1046 ex
2625 1004 2737 1072 quo

1568 1067 1721 1118 recte
1764 1063 2023 1118 Salvator
2055 1060 2361 1128 concludit,
2403 1060 2555 1133 quod
2612 1075 2737 1132 eJus

1566 1149 1700 1189 vere
1734 1132 1834 1188 filii
1879 1149 1993 1189 non
2025 1137 2209 1201 erant,
2242 1131 2501 1203 quamvis
2548 1133 2619 1188 ab
2666 1147 2736 1187 eo

1569 1204 1874 1260 carnaliter
1911 1203 2356 1260 descendissent.
2388 1204 2544 1260 Unde
2575 1207 2739 1259 erant

1569 1274 1674 1331 filii
1698 1276 1941 1332 Abrahae
1985 1275 2379 1331 tautummodo
2409 1290 2602 1341 carne,
2639 1273 2740 1329 sed

1569 1363 1686 1402 non
1720 1362 1953 1418 operum
1986 1357 2043 1403 et
2070 1346 2200 1402 fidei
2229 1345 2574 1413 imitatione;
2607 1360 2740 1400 caro

1570 1417 1799 1488 quidem
1829 1417 2060 1473 illorum
2081 1435 2147 1474 ex
2172 1418 2295 1486 ipso
2328 1422 2469 1485 erat,
2501 1417 2600 1472 sed
2621 1415 2738 1472 vita

1570 1505 1687 1544 non
1719 1497 1859 1544 erat.
1901 1492 1974 1545 Ex
2005 1494 2112 1545 boc
2142 1494 2317 1561 patet,
2345 1488 2496 1560 quod
2526 1488 2738 1544 frustra

1570 1559 1697 1630 quis
1727 1559 2021 1631 gloriatur,
2056 1561 2189 1632 quia
2218 1560 2531 1616 secundum
2575 1558 2737 1615 habi-

1568 1636 1690 1687 tum
1707 1636 1793 1687 est
1813 1633 1962 1688 filius
1978 1631 2301 1703 Augustini,
2321 1632 2404 1687 vel
2428 1627 2739 1697 Benedicti,

1569 1719 1671 1758 seu
1698 1703 1932 1759 alterius
1963 1704 2176 1773 Sancti,
2201 1702 2309 1759 nisi
2332 1718 2505 1775 opera
2537 1699 2737 1773 ipsius,

1569 1775 1878 1830 secundum
1927 1791 2087 1832 suam
2129 1774 2587 1846 possibilitatem,
2620 1777 2737 1828 stu·

1568 1846 1700 1901 deat
1748 1846 1977 1902 imitari.
2016 1847 2281 1903 Videntes
2311 1855 2500 1903 autem
2535 1842 2735 1912 Judaei‚

1568 1917 1723 1989 quod
1752 1920 2025 1974 Dominus
2075 1936 2142 1975 ex
2189 1917 2458 1989 operibus
2508 1914 2741 1972 filiatio·

1568 2004 1697 2043 nem
1718 1992 2013 2060 arguebat,
2047 1990 2175 2046 ideo
2202 1990 2467 2046 dixerunt
2496 2005 2554 2044 se
2590 1986 2739 2043 filios

1568 2059 1689 2128 Dei,
1722 2063 1880 2132 cujus
1913 2063 2115 2144 Legem
2137 2067 2192 2118 et
2221 2060 2591 2118 caeremonias
2616 2074 2738 2114 ser-

1567 2132 1794 2200 vabant,
1828 2149 1940 2188 uon
1971 2133 2225 2189 S1cutalii
2241 2131 2578 2188 idololatrias
2608 2130 2734 2185 dedi

1565 2201 1627 2259 ti.
1648 2206 1922 2260 Dixerunt
1944 2207 2135 2274 itaque
2163 2207 2241 2260 ei:
2274 2208 2405 2271 Nos,
2440 2201 2604 2258 unius
2639 2199 2737 2282 Dei

1565 2273 1830 2343 cultores,
1853 2292 1922 2331 σω
1941 2278 2325 2344 fornicatione,
2344 2272 2557 2331 scilicet
2576 2271 2739 2344 spiri-

1564 2345 1703 2401 tuali
1733 2346 2096 2417 GentilitatiS,
2120 2363 2244 2419 quae
2270 2345 2584 2403 fornicatur
2612 2360 2739 2400 cum

1565 2417 1756 2474 multis
1807 2418 1936 2488 diis,
1994 2436 2101 2475 non
2159 2435 2347 2475 sumus
2395 2420 2537 2481 nati,
2586 2415 2740 2473 idola

1566 2489 1826 2547 colentes
1847 2491 1991 2548 sicut
2013 2490 2119 2563 ipsi
2147 2490 2381 2561 faciunt,
2414 2487 2594 2547 sedin
2624 2488 2738 2545 fide

1566 2559 1732 2616 unius
1779 2562 1909 2618 Dei:
1945 2562 2383 2618 fornicationem
2438 2561 2594 2618 enim
2639 2577 2737 2616 vo-

1566 2636 1697 2687 cant
1724 2630 2130 2699 idololatriam,
2158 2633 2304 2690 sicut
2330 2638 2386 2688 et
2408 2632 2741 2703 frequenter

1564 2702 1898 2760 nominatur
1944 2704 2002 2758 in
2042 2706 2214 2760 Sacra
2264 2702 2575 2774 Scriptura,
2607 2700 2741 2773 quia

1566 2773 1761 2831 anima
1815 2780 2114 2847 separatur
2160 2791 2194 2832 a
2228 2777 2343 2831 Deo
2388 2791 2490 2846 per
2538 2773 2733 2840 illam;

1565 2862 1735 2900 unum
1757 2853 1969 2916 patrem
1982 2846 2334 2918 spiritualem
2360 2846 2618 2901 habemus
2641 2843 2738 2900 sci-

1564 2916 1697 2972 licet
1725 2920 1915 2986 Deum,
1948 2933 2118 2989 quem
2161 2918 2419 2984 colimus„
2452 2915 2586 2986 quia
2620 2931 2735 2970 non

1565 2988 1829 3044 colebant
1865 2988 2248 3060 pluralitatem
2290 2989 2547 3054 deorum,
2593 2985 2737 3043 sicut

1564 3059 1833 3115 Gentiles,
1868 3060 1977 3116 Sed
2008 3061 2152 3115 hanc
2176 3057 2576 3132 paternitatem
2606 3058 2739 3114 Sal-

1564 3135 1728 3186 vator
1760 3130 2023 3199 excludit,
2056 3136 2113 3187 et
2141 3134 2319 3188 Deum
2349 3146 2465 3186 non
2491 3145 2617 3185 esse
2656 3128 2737 3185 eis

1564 3207 1786 3274 patrem
1817 3202 2084 3267 ostendit,
2126 3202 2260 3274 quia
2309 3218 2426 3258 non
2468 3200 2731 3272 diligunt,

1567 3289 1672 3329 nec
1704 3279 2055 3344 cognoscunt
2096 3276 2218 3347 ejus
2262 3273 2483 3341 Filium,
2523 3272 2737 3330 scilicet

1564 3344 1751 3416 ipsum
1784 3345 2067 3403 Christum
2095 3348 2166 3403 ab
2189 3363 2256 3402 eo
2289 3345 2522 3401 missum
2554 3362 2568 3400 t
2601 3359 2734 3400 nam

1565 3416 1792 3473 dilectio
1824 3422 1880 3473 et
1917 3417 2118 3475 notitia
2147 3417 2354 3476 Christi
2384 3422 2469 3473 est
2508 3415 2734 3487 signum

1564 3487 1861 3545 filiationis
1901 3491 1999 3545 Dei
2013 3508 2029 3559 ;
2064 3506 2261 3547 eorum
2298 3490 2453 3546 enim
2499 3504 2624 3560 quae
2663 3487 2734 3543 ab

1564 3576 1679 3617 uno
1707 3562 2042 3632 procedunt,
2065 3566 2262 3618 mutua
2284 3565 2371 3619 est
2398 3559 2647 3628 dilectio,
2673 3557 2733 3613 in

1564 3631 1685 3700 illo,
1715 3648 1751 3687 a
1781 3648 1894 3704 quo
1919 3634 2255 3705 procedunt.

1637 3708 1667 3759 5
1696 3705 1961 3760 Cnms‘rus
1992 3723 2090 3759 nos
2117 3720 2375 3760 osi-annm·
2402 3718 2529 3756 ussa
2559 3716 2731 3754 runos

1564 3792 1799 3829 mABom.
1825 3807 1894 3814 —
1920 3775 2136 3832 Deinde
2164 3773 2411 3831 ostendit
2439 3788 2503 3827 cu
2532 3787 2597 3827 us
2622 3769 2735 3826 sint

1564 3844 1690 3912 filii,
1706 3848 1762 3899 e‘t
1786 3844 1922 3900 dicit
1946 3861 2045 3901 eos
2071 3861 2137 3901 ex
2155 3851 2317 3917 patre
2338 3788 2563 3900 diabolo
2585 3857 2730 3906 esse,

1563 3933 1680 3972 non
1737 3916 2044 3984 creatione,
2091 3916 2192 3972 sed
2242 3914 2578 3981 imitatione,
2637 3913 2731 3984 qui

1565 3986 1852 4044 desideria
1886 3987 2065 4059 patris
2104 3986 2212 4055 sui,
2252 3986 2465 4043 scilicet
2497 3984 2731 4053 diaboli,

1563 4060 1762 4115 volunt
1789 4063 2086 4131 perticere,
2121 4066 2175 4114 et
2204 4057 2561 4114 innocentem
2592 4056 2733 4112 occi-

1565 4131 1740 4197 dere;
1804 4130 1954 4202 quod
2019 4130 2226 4202 probat
2282 4133 2730 4201 consequenter,

1565 4200 1924 4258 conditiones
1953 4201 2163 4258 diaboli
2197 4201 2504 4273 explicam,
2537 4205 2591 4257 et
2629 4216 2733 4272 po·

1564 4279 1687 4331 stea
1716 4274 1788 4330 ad
1818 4273 1973 4346 ipsos
2001 4273 2309 4346 applicans.
2333 4276 2516 4330 Unam
2545 4277 2732 4329 autem

1564 4345 1950 4403 conditionem
2011 4345 2221 4404 diaboli
2281 4345 2466 4418 primo
2528 4343 2732 4417 tangit,
