3146 5023
121 1628 172 1649 ‚j-

685 410 769 465 DE
821 406 1256 467 Rumonem·
1289 408 1579 470 QUINQUE
1634 372 1926 462 Mllssmuu
1983 405 2316 460 Romnum.

2645 396 2736 458 169

269 535 376 591 que
415 522 604 576 autem
643 496 825 572 millia
861 516 1106 570 virorum
1142 513 1446 570 Dominum
1554 529 1628 569 ne
1656 513 1848 570 oculos
1878 511 2132 568 sublevet
2157 509 2232 566 ad
2258 511 2439 566 Deum
2470 524 2485 564 t
2516 505 2737 583 primo,

269 589 649 674 sequentium,
668 586 1040 657 designantur
1057 583 1226 641 activi
1246 600 1446 641 omnes
1553 584 1782 656 quando
1811 580 1982 638 nimis
2022 584 2331 652 occupatur
2360 581 2512 636 circa
2541 577 2729 634 sensi-

270 677 519 733 quinque
556 658 817 717 sensibus
856 654 1220 714 interioribus
1258 660 1315 712 et
1350 671 1444 711 ex-

267 732 591 795 terioribus,
654 746 757 787 uos
782 726 1096 801 possident,
1116 728 1259 784 bene
1285 730 1447 783 uten-

260 807 383 886 tesj
408 819 512 875 per
538 747 808 859 mulieres
830 815 965 882 vero
992 802 1050 866 et
1112 797 1341 854 arvulos
1364 796 1442 853 si-

264 875 609 957 gnificantur
662 872 873 928 infirmi
927 886 1043 927 non
1086 884 1182 925 um
1233 883 1440 940 pugnae

262 944 478 1014 idonei,
516 942 610 1016 qui
649 958 890 1011 numero
924 943 1059 998 sunt
1094 938 1331 1012 indigni.
1372 938 1441 996 Hi

259 1033 397 1089 ergo
429 1013 682 1088 praedicti
720 1018 874 1071 recte
911 1011 1159 1085 quinque
1193 1010 1439 1082 panibus

262 1088 510 1156 aluntur,
544 1086 679 1158 quia
716 1085 858 1141 tales
894 1098 1127 1141 necesse
1168 1088 1253 1139 est
1281 1082 1437 1153 lega-

259 1158 410 1216 libus
447 1159 634 1215 adhuc
667 1154 965 1229 praeceptis
1007 1152 1257 1222 institui;
1302 1169 1437 1210 nam

260 1228 357 1301 qui
391 1229 603 1285 mundo
645 1228 717 1285 ad
757 1227 1046 1298 integrum
1084 1223 1433 1289 renuntiant,

261 1307 506 1371 quatuor
536 1305 670 1356 sunt
708 1296 906 1366 millia,
943 1302 1000 1354 et
1028 1302 1246 1368 septem
1277 1294 1436 1366 pani-

260 1371 371 1443 bus
408 1369 604 1427 refecti
636 1389 653 1425 ε
686 1371 793 1426 hoc
828 1375 911 1424 est
942 1367 1279 1450 Evangelica
1307 1382 1435 1438 per-

259 1440 507 1501 fectione
551 1441 847 1509 sublimes,
890 1444 948 1496 et
983 1437 1266 1521 spirituali
1302 1441 1438 1497 sunt

243 1512 446 1584 gratia
474 1512 647 1568 docti.
682 1512 819 1569 Cum
851 1526 985 1582 ergo
1013 1526 1072 1565 in
1099 1510 1211 1565 hoc
1244 1507 1435 1565 convi-

257 1582 352 1639 vio
391 1581 618 1639 Domini
669 1581 1065 1639 tantummodo
1107 1582 1221 1635 viri
1261 1579 1435 1635 fuisse

189 1662 212 1691 ⁴
257 1653 544 1722 dicuntur,
597 1652 832 1726 mystice
890 1667 1188 1708 monemur
1241 1655 1322 1719 ut,
1364 1648 1433 1720 si,

257 1740 428 1796 quam
457 1724 645 1782 suavis
669 1724 744 1781 sit
771 1724 1063 1792 DominuS‚
1088 1726 1317 1794 gustare
1342 1722 1439 1778 de-

151 1792 158 1799 ’
259 1791 596 1866 sideramus,
638 1798 772 1865 viri,
814 1795 870 1851 id
906 1799 990 1851 est
1024 1794 1202 1850 fortes
1234 1798 1436 1849 contra

257 1866 596 1926 tentationes
625 1869 830 1935 simus;
861 1865 949 1922 vir
976 1864 1127 1922 enim
1158 1880 1193 1921 a
1218 1864 1435 1920 viribus

254 1936 481 2007 dicitur,
510 1944 565 1995 et
593 1939 845 1995 virorum
875 1937 1105 1994 nomine
1134 1935 1261 1993 illos
1290 1934 1438 1993 Scri-

161 2044 172 2053 ·
254 2014 422 2080 ptura
454 2014 649 2067 sancta
675 2008 1315 2081 designarmeonsuevit‚
1338 2004 1434 2078 qui

256 2079 496 2137 viriliter
509 2084 863 2136 tentamenta
875 2079 1152 2135 vicerunt.
1172 2077 1275 2146 Qui
1296 2093 1433 2151 ergo

257 2165 479 2206 coenam
534 2149 758 2207 Domini
811 2150 1177 2217 manducant,
1225 2147 1433 2204 virtute

207 2274 220 2281 -
255 2221 464 2281 mentis
494 2227 550 2278 et
579 2237 753 2279 sensu
777 2224 890 2277 viri
915 2237 1040 2283 esse
1063 2221 1293 2288 debent,
1316 2235 1433 2275 non

251 2290 318 2349 in
343 2291 814 2365 concupiscentiis
835 2291 1070 2349 emolliti
1100 2291 1244 2348 sicut
1273 2289 1431 2347 femi-

79 2368 96 2389 ·
181 2414 192 2425 .
250 2378 361 2432 nae,
397 2380 502 2420 nec
535 2363 810 2437 puerilem
856 2380 1085 2421 sensum
1127 2363 1430 2429 habenteS,

119 2466 142 2491 .
253 2432 398 2517 sicut
421 2435 600 2507 pueri.
633 2438 742 2492 Per
769 2435 1109 2493 discubitum
1140 2439 1352 2502 autem,
1374 2437 1433 2488 et

151 2502 178 2520 ⁸*
255 2521 567 2563 sessionem
597 2506 871 2590 corporis,
905 2504 1242 2587 intelligitur
1269 2504 1431 2577 quies

129 2635 146 2652 ,
256 2576 492 2645 mentis;
525 2578 622 2705 qgj
662 2595 814 2634 enim
843 2596 877 2635 a
905 2580 1021 2634 Deo
1061 2575 1432 2649 spiritualiter

603 2666 634 2706 e

253 2648 409 2731 pasci
440 2649 558 2705 desi
637 2653 745 2718 rat,
777 2654 1000 2721 oportet
1028 2648 1181 2720 quod
1213 2648 1428 2716 sedeat,

203 2759 210 2766 -
252 2719 313 2776 id
342 2724 429 2776 est
468 2736 502 2776 a
531 2720 680 2777 curis
712 2718 1034 2792 superfluis,
1066 2723 1125 2776 et
1154 2717 1430 2776 turbatio-

251 2788 418 2849 nibus
459 2792 840 2864 conquiescat.
880 2792 1201 2849 Secundum
1227 2791 1433 2847 Bedam

252 2876 501 2933 quoque,
551 2879 715 2934 super
759 2865 964 2930 foenum
1010 2862 1433 2919 discumbentes

260 2932 571 2989 Dominicis
625 2937 935 3004 pascuntur
987 2932 1289 3001 alimentis,
1339 2931 1435 3012 qui

83 3055 100 3066 ,
203 3053 212 3060 ,
260 3018 367 3075 per
424 3002 833 3058 continentiam
888 3003 1116 3059 calcatis
1172 3019 1348 3059 concu
1388 3018 1435 3056 i-

262 3071 513 3142 scentiis,
552 3072 848 3130 audiendis
884 3072 1300 3145 implendisque
1386 3072 1437 3127 ei

259 3143 472 3213 verbiS,
505 3161 737 3217 operam
791 3144 866 3200 im
912 3145 1147 3202 endunt.
1199 3148 1438 3202 Foenum

259 3213 418 3273 enim
440 3231 670 3272 carnem
701 3215 847 3288 signi
896 3221 1006 3286 cat,
1037 3217 1346 3274 secundum
1375 3212 1446 3272 il-

259 3284 357 3344 lud
390 3303 404 3342 z
441 3288 630 3344 Omnis
656 3304 781 3344 caro
798 3291 1039 3357 toenum3
1058 3303 1165 3346 nec
1187 3288 1258 3346 'ad
1282 3305 1442 3345 men·-

261 3373 382 3414 sam
403 3360 502 3415 Dei
533 3359 703 3431 digne
724 3359 923 3416 sedere
944 3358 1176 3432 poterit,
1198 3360 1294 3432 qui
1319 3369 1441 3418 car-

261 3443 393 3511 nem
422 3446 531 3512 per
551 3434 882 3488 servitutem
912 3446 940 3487 s
981 3430 1137 3488 iritui
1166 3448 1282 3488 non
1310 3433 1439 3489 sub-

253 3504 396 3582 J¹⁰.¹¹·:
429 3502 534 3569 Qui
563 3517 700 3574 ergo
723 3503 844 3559 vult
872 3518 935 3559 re
980 3501 1031 3559 ci
1062 3518 1209 3574 pane
1237 3503 1437 3574 gratiae

260 3572 590 3642 spiritualis,
648 3588 961 3644 congruum
1009 3578 1096 3632 est
1136 3578 1200 3631 ut
1239 3575 1438 3631 sedeat

262 3656 432 3722 super
454 3642 691 3711 foenum,
711 3642 771 3700 id
792 3648 879 3700 est
891 3648 955 3701 ut
968 3644 1298 3702 dominetur
1317 3661 1438 3702 cor-

302 3727 387 3767 ori
417 3727 543 3781 suo,
572 3719 631 3769 et
662 3715 966 3771 mortificet
992 3732 1221 3773 carnem
1251 3732 1434 3773 suam.

302 3782 522 3864 alyator
562 3788 752 3841 autem
784 3801 904 3842 non
941 3802 1089 3844 nova
1116 3787 1328 3845 creavit
1355 3788 1435 3844 ci-

259 3853 444 3936 baria,
457 3854 564 3936 sed
582 3858 959 3927 praesentibus
981 3858 1285 3926 benedi-riu
1305 3860 1438 3930 quia

260 3940 496 3981 veniens
524 3941 585 3981 in
610 3942 804 3995 carne,
825 3943 941 3984 non
969 3928 1083 3986 alia
1109 3945 1280 4002 quam
1310 3945 1437 4000 quae

259 3995 378 4078 Lex·
400 4000 457 4052 et
492 3998 790 4069 Prophetae
820 3999 1196 4080 praedixerant
1228 3999 1433 4072 praedi·

259 4072 428 4136 cavit,
464 4071 521 4123 et
549 4083 619 4125 ea
650 4069 933 4140 mysteriis
973 4070 1172 4142 gratiae
1202 4070 1434 4143 gravida

258 4136 688 4219 demonstravit.
732 4140 962 4213 Aspexit
1006 4144 1065 4199 in
1109 4144 1336 4211 coelum,
1375 4146 1438 4198 ut

255 4206 391 4266 illuc
437 4207 793 4293 dirigendam
849 4212 1057 4270 mentis
1105 4215 1307 4282 aciem,
1358 4211 1438 4269 ibi

255 4277 441 4337 lucem
484 4286 738 4339 scientiae
769 4283 973 4341 doceat
1011 4300 1137 4341 esse
1167 4298 1432 4356 quaeren-

256 4349 410 4409 dam.
458 4352 570 4411 Sed
611 4352 913 4427 tripliciter
957 4354 1266 4430 impeditur
1309 4352 1436 4428 quis

1550 654 1708 723 bilia,
1729 654 1790 710 id
1812 657 1899 710 est
1909 658 2168 709 terrenas
2187 649 2431 718 divitiaS,
2445 648 2576 731 quia
2589 653 2727 707 tunc

1552 726 1750 783 oculus
1778 724 2023 781 foedatur
2054 721 2287 794 pulvere
2317 719 2596 787 avaritiae;
2632 735 2723 776 se-

1549 797 1757 866 cundo,
1801 794 2027 878 quando
2061 794 2368 863 occupatur
2395 789 2544 847 circa
2572 789 2739 846 dele·-

1549 867 1798 938 ctabilia,
1815 867 1874 923 id
1895 871 1982 923 est
2006 863 2156 921 circa
2185 861 2444 918 carnales
2472 858 2724 928 delicias,

1550 938 1683 1012 quia
1709 935 1845 996 tunc
1873 936 2068 994 oculus
2097 938 2411 991 excaecatur
2437 931 2570 1003 igne
2598 944 2728 986 con-

1548 1007 1944 1083 cupiscentiae;
1990 1005 2180 1088 tertio,
2221 1003 2445 1077 quando
2484 1017 2621 1058 occu
2661 1016 2728 1082 a·

1546 1091 1641 1138 tur
1664 1081 1817 1138 circa
1846 1076 2130 1146 sublimia,
2161 1076 2219 1132 id
2248 1079 2334 1131 est
2361 1073 2511 1130 circa
2537 1088 2629 1129 am
2671 1088 2719 1127 i-

1547 1152 1731 1210 tiones
1782 1151 2125 1217 mundanas;
2171 1145 2305 1219 quia
2353 1150 2485 1201 tunc
2524 1142 2721 1200 oculus

1546 1226 1884 1282 obscuratur
1897 1222 2050 1278 sumo
2067 1216 2365 1291 superbias.
2389 1218 2573 1283 Freqit
2587 1229 2720 1286 quo-

1545 1311 1676 1368 que,
1701 1298 1758 1351 et
1785 1298 1917 1350 ante
1941 1293 2135 1349 turbas
2160 1287 2454 1362 ponendos
2482 1287 2726 1355 discipu·

1546 1370 1618 1422 lis
1633 1381 1813 1439 panes
1828 1365 2002 1432 dedit,
2015 1361 2148 1435 quia
2158 1361 2350 1417 clausa
2359 1359 2718 1440 sacramenta

1545 1437 1731 1510 Legis,
1769 1443 1826 1492 et
1853 1434 2188 1508 prophetiae,
2225 1433 2441 1510 sanctis·
2471 1428 2720 1484 doctori·

1547 1511 1673 1578 bus,
1693 1507 1788 1579 qui
1818 1508 1942 1573 baec
1962 1510 2079 1562 toto
2106 1505 2242 1561 orbe
2267 1500 2596 1574 praedicent,
2621 1512 2718 1568 pa-

1545 1579 1755 1637 tefecit.
1787 1577 1947 1647 Quod
1975 1581 2165 1634 autem
2191 1571 2374 1631 turbis
2402 1571 2716 1653 supererat,

1545 1668 1581 1708 a
1609 1649 1902 1723 discipulis
1931 1647 2118 1718 colligi
2145 1644 2342 1713 voluit,
2373 1658 2506 1714 quia
2537 1654 2721 1697 secre-

1544 1722 1692 1779 tiora
1729 1718 2138 1792 intelligentiae,
2172 1721 2230 1774 et
2257 1714 2564 1771 sacratiora
2591 1725 2715 1781 my-

1544 1793 1740 1862 steria,
1771 1808 1897 1864 quae
1924 1808 1959 1848 a
1992 1789 2228 1847 rudibus
2257 1786 2380 1857 capi
2407 1784 2716 1855 nequeunt,

1544 1882 1661 1922 non
1702 1868 1832 1920 sunt
1859 1860 2215 1933 negligenter
2243 1854 2581 1922 omittenda;
2611 1850 2713 1907 sed

1543 1953 1579 1993 a
1604 1933 1893 2007 discipulis
1916 1930 2162 2000 Domini,
2196 1933 2254 1987 et
2282 1941 2478 1984 eorum
2507 1937 2722 2004 succes-

1543 2007 1767 2065 soribus
1794 2004 2098 2076 diligenter
2128 1998 2490 2128 inffiuirenda,
2521 1999 2579 2051 et
2604 1992 2719 2075 illis

1540 2068 2719 2218 &333⁰‘itini“girasssssshssffi‘tutffli

1723 2191 1738 2205 ο
2695 2176 2712 2202 v

1538 2218 1795 2294 Apostoli
1842 2223 1899 2275 et
1936 2218 2236 2288 sequentes
2274 2204 2712 2291 viri-apostolici

1540 2299 1597 2350 et
1638 2293 1899 2349 doctores
1934 2289 2271 2359 figurantur,
2304 2282 2441 2338 foris
2481 2277 2711 2350 quidem

1465 2368 1470 2373 ’
1539 2362 1868 2421 hominibus
1897 2356 2169 2431 despecti,
2207 2354 2308 2411 sed
2336 2352 2487 2409 intus
2516 2348 2711 2406 Salva·

1538 2435 1680 2493 toris
1703 2434 1813 2491 cibi
1842 2429 2098 2503 reliquiis
2127 2423 2415 2484 cumulati.
2444 2416 2714 2492 Cophinis

1540 2506 1695 2566 enim
1748 2504 1973 2563 servilia
2023 2506 2079 2559 et
2130 2499 2418 2557 rusticana
2470 2494 2715 2564 aguntur

1540 2595 1715 2707 32³⁸?
1744 2582 1801 2704 ‘i‘
1828 2569 2714 2712 ⁰2⁰⁰³²³f52a¹25²⁴505212m32t⁸33

1631 2667 1659 2706 e
1682 2666 1768 2718 egi
1800 2690 1814 2717 ,
1839 2664 1877 2702 u
1928 2662 2027 2702 con
2439 2678 2454 2692 .
2488 2709 2500 2720 ·
2702 2661 2718 2672 ·

1542 2729 1658 2779 tem
1716 2718 2011 2792 cophium,
2070 2711 2380 2771 secundum
2423 2707 2718 2788 Isidorum,

1543 2809 1642 2850 vas
1685 2809 1751 2849 ex
1780 2788 2037 2861 virgultis
2075 2786 2305 2852 factum,
2343 2785 2399 2836 et
2430 2778 2502 2834 de
2533 2789 2719 2849 juncis

1543 2865 1633 2921 vel
1660 2862 1985 2929 viminibus,
2007 2862 2105 2915 aut
2131 2856 2202 2912 de
2227 2850 2376 2910 foliis
2401 2849 2718 2922 palmarum

1546 2940 1892 3000 contextum,
1914 2936 2106 3003 aptum
2127 2926 2201 2983 ad
2221 2920 2559 2996 portandum
2583 2930 2721 2987 pur-

1546 3010 1833 3134 3222„th
1867 2984 2724 3129 ⁶32231022ri³¹i2÷010sr½122s

1547 3095 1606 3134 in
1685 3093 1748 3133 sa
1773 3090 1863 3131 mo
2476 3100 2491 3115 ·

1548 3151 1669 3220 ejus
1685 3151 1745 3203 in
1764 3147 1992 3217 cophino
2011 3083 2334 3198 semem-unt.
2357 3132 2511 3214 Sicut
2529 3133 2722 3185 autem

1548 3219 1715 3293 pauci
1743 3231 1922 3290 panes
1952 3218 2006 3271 et
2034 3209 2218 3285 pisces
2243 3206 2489 3286 fracti-in
2514 3198 2721 3279 multas

1547 3290 1821 3363 reliquias
1850 3287 2241 3348 excreverunt3
2274 3278 2355 3335 sic
2378 3276 2536 3356 cibus
2563 3269 2723 3327 verbi

1549 3361 1649 3420 Dei
1704 3363 1914 3433 quanto
1943 3353 2124 3427 magis
2152 3349 2532 3413 distribuitur,
2557 3345 2721 3399 tanto

1549 3405 1733 3516 magis
1767 3428 2193 3552 inustiitfissatpti·
2225 3424 2406 3547 Nequi}
2435 3411 2724 3545 ffaeiuzffig

1548 3505 1866 3634 3²:103&
1886 3506 2134 3645 csstiffii}
2155 3506 2480 3625 Ῑξθῖῗιὲαυῖῃ
2521 3569 2720 3612 nume-

1545 3662 1674 3704 rum
1706 3644 2004 3703 duodecim
2027 3637 2427 3714 Apostolorum
2451 3647 2466 3699 3
2493 3642 2596 3684 nec
2620 3624 2722 3680 da-

1544 3721 1604 3773 ta
1650 3725 1787 3775 sunt
1830 3717 2012 3773 turbae
2055 3712 2378 3782 fragmenta
2420 3693 2723 3779 portanda,

1545 3788 1647 3844 sed
1675 3784 1986 3858 discipuliS,
2016 3787 2082 3839 ut
2119 3796 2222 3853 per
2248 3780 2358 3835 hoc
2390 3773 2720 3856 des-ignare-

1543 3864 1641 3915 tur
1669 3858 1819 3929 quod
1861 3855 2179 3936 fragmenta
2205 3853 2264 3906 et
2302 3845 2557 3915 reliquias
2592 3850 2718 3892 ver-

1544 3931 1749 3987 borum
1768 3924 1974 3984 Christi
1993 3939 2097 3995 per
2113 3917 2413 3993 Apostolos
2437 3914 2599 3968 erant
2621 3921 2726 3977 pei·

1546 3998 1821 4057 mundum
1857 3993 2155 4069 portanda,
2187 3995 2245 4047 et
2285 4001 2387 4060 per
2414 3998 2514 4042 eos
2547 3978 2722 4037 corda

1479 4094 1484 4098 ·
1540 4071 1742 4144 jejuna
1768 4065 2080 4140 pascenda;
2114 4061 2211 4134 qui
2241 4062 2387 4118 bene
2416 4049 2717 4112 duodecim

1546 4156 1672 4199 esse
1703 4140 1988 4206 dicuntur,
2021 4133 2154 4207 quia
2181 4133 2325 4189 fides
2352 4129 2565 4209 sanctae
2594 4123 2717 4179 Tri·

1546 4212 1740 4269 nitatis
1760 4210 1821 4267 in
1845 4213 2089 4282 quatuor
2116 4205 2309 4268 mundi
2338 4198 2593 4274 partibus
2616 4208 2724 4265 per

1547 4300 1647 4341 eos
1693 4288 1817 4340 erat
1856 4278 2234 4365 praedicanda.
2278 4273 2438 4333 Unde
2476 4268 2717 4350 Ambra·-

1544 4357 1665 4412 εἰπε
1688 4373 1707 4412 ε
1743 4375 1774 4408 «
1803 4355 1907 4411 Hic
1932 4366 2067 4409 vero
2090 4348 2278 4424 panis,
2310 4359 2482 4420 quem
2508 4341 2725 4412 frangit
