3146 5023
407 404 499 455 ‘252
1093 405 1312 459 PRIMAE
1368 402 1608 457 PARTIS
1665 400 1874 453 CAPUT
1929 399 2204 454 Lxxvlll

411 506 754 567 tradicibilia
803 507 1021 568 inducti
1072 514 1130 567 et
1166 506 1450 579 conjuncti
1495 510 1579 562 te-

412 579 699 648 stimonia,
730 587 923 637 tamen
953 581 1221 638 nolebant
1259 578 1491 635 credere
1520 578 1580 633 in

412 668 563 708 eum.
596 652 754 713 Unde
785 652 921 708 dicit
954 670 967 707 z
998 656 1071 707 Et
1093 668 1200 707 non
1226 653 1396 705 vultis
1424 652 1581 704 veni-

408 739 470 778 re
515 723 591 779 ad
627 741 731 792 me,
775 723 990 778 scilicet
1021 740 1120 794 per
1170 722 1365 788 fidem,
1406 720 1465 776 id
1495 726 1582 777 est

409 810 524 849 non
572 794 740 850 vultis
786 795 1022 851 credere
1073 793 1135 849 in
1174 810 1288 858 me,
1316 797 1374 849 et
1416 808 1454 850 a
1489 807 1580 848 me

407 866 1184 1018 illffifesssssfftfflzatffiffiffi:
1215 864 1582 1007 ett‘zlfflllffi

406 1005 560 1062 aliud
591 1008 828 1079 1mped1t
857 1024 978 1077 vos,
1008 1007 1118 1064 nisi
1151 1007 1347 1064 odium
1384 1011 1585 1064 contra

409 1092 502 1133 me
529 1082 866 1150 conceptum
897 1095 933 1135 a
979 1079 1168 1148 vobis3
1223 1095 1340 1135 non
1391 1077 1584 1146 vultis,

413 1147 676 1219 inquam,
734 1150 970 1208 credere
1019 1150 1080 1208 in
1137 1166 1252 1219 me,
1298 1154 1362 1206 ut
1409 1152 1587 1204 vitam

414 1224 673 1276 aeternam
703 1222 975 1290 habeatis,
1010 1238 1162 1278 nunc
1203 1222 1260 1278 in
1292 1236 1413 1292 spe,
1442 1224 1500 1276 et
1528 1218 1589 1275 in

416 1291 610 1347 futuro
643 1291 702 1348 in
728 1308 811 1361 re,
844 1309 971 1361 quae
1000 1293 1249 1350 hahetur
1279 1308 1383 1364 per
1412 1291 1589 1348 fidem

416 1363 719 1420 formatam
748 1364 1012 1433 caritate3
1054 1364 1135 1420 ita
1164 1380 1349 1435 neque
1382 1362 1592 1443 veritas

417 1450 517 1490 vos
556 1434 858 1506 convincit,
899 1451 1084 1507 neque
1121 1434 1423 1507 promissio
1459 1438 1592 1489 wtae

419 1521 522 1560 vos
550 1505 746 1563 trahit.
788 1508 1003 1563 Deinde
1052 1507 1346 1578 redarguit
1391 1520 1590 1562 eorum

418 1576 688 1633 duritiam
739 1581 797 1633 et
844 1578 1171 1635 tarditatem
1227 1578 1300 1635 ad
1348 1577 1587 1634 creden-

416 1648 573 1715 dum,
611 1649 808 1705 dicens
832 1666 847 1704 ε
880 1653 996 1718 qu
1020 1653 1146 1705 veni
1173 1653 1234 1705 in
1265 1652 1501 1717 nomine,
1529 1651 1587 1703 et

416 1719 490 1775 ad
535 1720 839 1789 honorem,
878 1723 1065 1776 Patris
1085 1723 1215 1787 mei,
1240 1724 1303 1775 ut
1338 1735 1442 1790 per
1492 1734 1583 1775 me

419 1791 589 1846 Pater
648 1790 1020 1861 glorificetur,
1081 1790 1233 1862 quod
1276 1793 1434 1860 patet
1480 1805 1585 1860 per

412 1860 685 1931 praedicta
727 1860 1054 1917 testimonia
1088 1878 1103 1916 ε
1140 1867 1192 1916 et
1220 1877 1329 1916 non
1374 1863 1581 1931 accipi-

412 1934 485 1986 tis
513 1947 617 1999 me,
644 1947 749 1987 nec
776 1931 835 1987 in
866 1947 958 1987 me
987 1931 1236 1998 creditis,
1269 1932 1370 1988 sed
1399 1931 1584 2003 magis

410 2000 840 2074 persequimini,
878 2002 1013 2071 quia
1063 2002 1426 2060 dilectionem
1481 2002 1582 2060 Dei

416 2088 532 2129 non
588 2073 832 2131 habetis.
873 2076 941 2130 Et
987 2073 1121 2131 inde
1148 2091 1320 2147 poena
1364 2074 1582 2147 peccati

413 2144 579 2201 vobis
602 2145 727 2202 haec
755 2144 883 2215 erit,
914 2146 1051 2218 quia
1081 2164 1097 2203 ε
1131 2150 1184 2202 si
1214 2149 1381 2214 alius,
1411 2146 1471 2202 id
1496 2150 1585 2202 est

409 2215 791 2275 Antichristus
835 2220 897 2273 in
944 2221 1159 2275 nomine
1203 2235 1301 2274 suo
1352 2222 1582 2286 venerit,

414 2287 472 2343 id
500 2293 587 2344 est
618 2305 735 2345 non
765 2289 985 2346 habens
1015 2289 1289 2361 praedicta
1325 2288 1582 2345 testimo-

414 2359 512 2413 nia
547 2362 602 2414 et
632 2374 792 2414 suam
816 2359 1059 2430 gloriam
1088 2361 1376 2431 propriam
1423 2376 1582 2430 quae-

413 2442 550 2483 rens
577 2427 738 2483 illum
777 2432 1079 2499 accipietis,
1121 2446 1223 2501 pro
1268 2428 1491 2486 Christo
1525 2433 1585 2486 et

412 2515 545 2555 vere
576 2500 691 2555 Deo
724 2516 739 2555 τ
768 2502 856 2568 Ut,
884 2500 1200 2557 secundum
1226 2502 1580 2574 Apostolum,

408 2570 637 2626 credant
665 2571 970 2641 mendacin,
1016 2576 1115 2643 qui
1149 2575 1442 2631 noluerunt
1465 2591 1580 2629 cre-

408 2642 535 2697 dere
564 2645 810 2700 veritati.
846 2643 1017 2711 Quasi
1043 2643 1196 2702 dicat
1235 2662 1250 2700 t
1292 2643 1434 2713 Quia
1465 2662 1581 2702 non

408 2712 706 2785 accepistis
744 2731 855 2783 me,
897 2714 956 2772 id
1001 2721 1089 2772 est
1130 2715 1263 2788 quia
1301 2732 1419 2772 non
1458 2733 1581 2774 cre·-

408 2784 633 2841 didistis
677 2801 770 2842 me
815 2802 942 2843 esse
966 2787 1275 2857 Christum,
1310 2787 1432 2843 haec
1455 2803 1581 2859 poe·

408 2871 486 2912 na
534 2855 827 2927 infligetur
881 2858 1063 2927 vohis,
1116 2864 1178 2915 ut
1218 2858 1439 2929 decepti
1478 2875 1582 2930 pro

410 2926 633 2985 Christo
677 2928 1089 2986 Antichristum
1132 2929 1441 3002 recipiatis.
1475 2933 1585 2987 Per

410 2999 520 3081 hoc
553 2999 812 3071 arguitur
885 3002 993 3058 uod
1007 3001 1192 3059 Judaei
1220 3001 1391 3074 primi
1414 3006 1586 3058 erunt

413 3085 510 3141 qui
564 3072 637 3127 ad
690 3072 857 3128 Antio
901 3073 1101 3130 ristum
1157 3078 1581 3130 convertentur.

412 3143 442 3198 J
451 3142 596 3198 udaei
634 3143 785 3199 enim
827 3144 884 3199 in
916 3145 1030 3201 fine
1060 3144 1469 3201 Antichristum
1499 3161 1587 3200 re-

416 3211 646 3282 cipient,
678 3219 738 3268 et
774 3216 1048 3285 templum
1093 3217 1145 3271 ei
1196 3215 1583 3284 aedificahunt,

418 3281 555 3362 quia
586 3282 757 3364 faciet
786 3300 847 3340 se
876 3284 1226 3355 circumcidi,
1251 3290 1307 3343 et
1344 3286 1494 3343 dicet
1523 3303 1585 3343 se

415 3368 498 3408 eis
561 3368 925 3423 promissum3
978 3362 1036 3413 et
1082 3356 1134 3412 ei
1188 3358 1583 3427 adhaerebunl,

414 3438 710 3493 quousque
754 3425 880 3495 ejus
909 3426 1128 3483 salsitas
1156 3428 1455 3498 detegatur
1483 3444 1587 3499 per

414 3493 643 3551 Henoch
685 3499 743 3551 et
792 3494 991 3553 Eliam.
1044 3498 1365 3555 Secundum
1395 3500 1587 3568 Anqu-

408 3569 636 3634 stc'num,
666 3565 1046 3623 Antichristus
1089 3568 1445 3624 ceremonias
1479 3572 1583 3627 Le-

413 3637 503 3709 gis
532 3637 775 3696 tentabit
811 3643 1158 3709 restaurare,
1209 3643 1273 3696 ut
1322 3641 1584 3713 Evange-

408 3708 547 3766 lium
597 3710 811 3780 solvat3
869 3726 995 3780 quae
1042 3727 1135 3767 res
1179 3710 1406 3768 Judaeos
1448 3728 1581 3770 eum

408 3797 510 3852 pro
550 3780 773 3838 Christo
804 3781 1059 3854 recipere
1087 3782 1366 3840 suadebit.
1524 3831 1539 3844 .

483 3857 543 3908 15
586 3854 770 3912 CAusA
811 3872 974 3912 umus
1010 3873 1468 3912 mennonium&
1508 3887 1581 3899 —

405 3923 643 3993 Deinde,
657 3941 887 3984 causam
910 3925 1262 3984 infidelitatis
1283 3944 1479 3985 eorum
1498 3927 1578 3984 sic

402 3994 594 4052 subdit
622 4014 639 4050 ε
671 3997 945 4063 Quomodo
974 4016 1067 4055 vos
1092 4003 1321 4072 potestis
1341 4001 1575 4070 credere,

407 4069 507 4137 qui
534 4067 769 4135 aleriam
797 4071 1110 4128 humanam
1138 4071 1209 4127 ab
1226 4073 1461 4127 invicem
1489 4086 1580 4128 ac-

407 4141 618 4219 cipitq’S,
654 4144 705 4195 et
736 4148 1117 4213 acceptanteS‚
1155 4142 1211 4198 id
1242 4147 1348 4205 est.
1388 4159 1454 4199 ex
1484 4158 1578 4198 su-

407 4209 625 4279 perbia,
658 4210 968 4269 humanum
1003 4213 1253 4269 favorem
1289 4219 1580 4286 captantes

405 4280 663 4406 gloriam,
716 4299 836 4352 quae
883 4300 918 4338 a
959 4287 1072 4339 solo
1114 4288 1221 4340 Deo
1260 4291 1359 4354 est,
1395 4285 1454 4340 id
1493 4289 1581 4341 est

450 4349 783 4407 umilitatem
819 4370 946 4425 qua>
976 4357 1062 4411 est
1090 4371 1227 4412 vera
1255 4355 1456 4428 gloria,
1489 4356 1578 4412 vel

1691 503 1933 575 gloriam
1953 504 2252 587 ‘coelestcm
2281 521 2390 562 non
2419 509 2716 577 quaeritis?
2758 508 2893 564 Non

1689 592 1848 645 ergo,
1873 592 2006 647 quia
2027 594 2137 633 non
2161 583 2287 634 erat
2306 582 2506 649 aperta
2525 577 2747 634 veritas
2768 596 2887 636 non

1690 648 2031 716 credebant3
2070 648 2172 704 sed
2202 648 2334 720 quia
2364 649 2635 719 superbia
2652 666 2762 705 eos
2786 667 2888 706 ex-

1691 720 1958 787 caecabat‚
1977 736 2104 791 quae
2133 719 2356 776 laudari
2378 725 2512 777 etse
2536 736 2712 791 super
2735 722 2891 791 alios

1691 792 1898 847 efferre
1925 790 2231 847 desiderat.
2262 791 2394 848 Ideo
2424 791 2576 848 enim
2607 795 2669 848 in
2700 793 2888 850 Chri-

1692 867 1844 919 stum
1874 862 2105 918 credere
2127 879 2243 918 non
2266 866 2555 934 poteraut,
2583 863 2723 934 quia
2747 881 2888 921 cum

1694 934 1939 1004 superba
1967 949 2129 990 mens
2157 950 2358 990 eorum
2387 934 2632 1005 gloriam
2669 940 2731 992 ct
2762 936 2886 993 lau-

1693 1005 1825 1061 dem
1856 1010 2170 1077 appeteret,
2212 1010 2269 1061 et
2317 1021 2445 1062 sese
2500 1021 2673 1077 super
2733 1008 2884 1063 alios

1696 1076 1945 1140 efferret,
1977 1077 2322 1147 reputabant
2340 1076 2648 1147 inglorium
2678 1085 2739 1134 et
2772 1079 2883 1135 de-

1696 1148 1871 1204 decus
1912 1149 1968 1202 in
2007 1146 2294 1204 Christum
2324 1148 2578 1217 credere,
2618 1149 2719 1220 qui
2774 1151 2878 1206 ab·

1693 1218 1874 1291 jectus
1899 1222 1956 1274 et
1983 1233 2200 1290 pauper
2226 1218 2547 1286 videbatur,
2578 1225 2633 1275 et
2657 1220 2794 1277 ideo
2825 1221 2878 1277 ei

1697 1290 1932 1347 credere
1987 1305 2103 1346 non
2163 1294 2448 1362 poterant.
2490 1290 2622 1359 Sed,
2668 1291 2771 1348 illc
2816 1291 2878 1347 in

1698 1376 1828 1417 eum
1868 1360 2099 1418 credere
2124 1365 2332 1433 potest,
2373 1360 2472 1433 qui
2510 1377 2609 1418 cor
2647 1363 2878 1419 habens

1696 1431 1934 1501 humile,
1963 1431 2140 1489 solius
2164 1432 2264 1488 Dei
2288 1432 2529 1504 gloriam
2555 1433 2786 1504 quaerit,
2821 1440 2878 1491 et

1699 1505 1749 1558 ei
1790 1503 2012 1573 placere
2056 1502 2290 1575 appetit.
2332 1505 2409 1560 Ex
2462 1519 2577 1575 quo
2629 1509 2877 1586 apparet

1698 1575 1852 1645 quod
1896 1575 2138 1631 multum
2184 1573 2503 1645 periculosa
2543 1579 2632 1631 est
2676 1576 2874 1632 manis

1695 1646 1897 1713 gloria.
1952 1646 2113 1703 Unde
2158 1648 2570 1714 chrysostomus
2602 1664 2617 1702 ε
2652 1666 2682 1699 α
2719 1647 2874 1704 Nihil

1694 1716 1776 1774 ita
1815 1717 2096 1775 deformat
2132 1717 2405 1787 animam,
2444 1717 2591 1774 sicut
2624 1718 2876 1789 gloriam

1693 1788 2020 1845 desiderare
2051 1793 2376 1856 terrenam;
2421 1805 2536 1845 non
2579 1789 2734 1846 enim
2783 1796 2876 1846 est

1692 1859 1963 1931 possibile
1988 1858 2084 1930 qui
2109 1860 2257 1916 hanc
2281 1859 2521 1942 gloriam
2546 1867 2722 1930 amat,
2748 1860 2871 1931 glo-

1693 1932 1838 1987 riam
1863 1947 2117 2001 quaerere
2147 1930 2430 1988 Crucifixi.
2470 1951 2500 1984 »
2538 1932 2698 1988 Unde
2728 1932 2869 1989 dicit

1694 2007 1750 2059 et
1784 2005 2018 2067 TulliuS,
2057 2002 2212 2073 quod
2255 2001 2505 2059 cavenda
2546 2009 2634 2059 est
2674 2003 2866 2060 homi-

1692 2090 1831 2132 num
1857 2073 2059 2147 gloria,
2084 2088 2210 2144 quae
2233 2073 2418 2130 aufert
2442 2073 2616 2130 animi
2642 2074 2871 2132 liberta·

1693 2150 1843 2213 tem;
1875 2161 1979 2218 pro
2009 2161 2121 2217 qua
2150 2144 2533 2214 magnanimis
2562 2145 2699 2201 viris
2730 2162 2866 2202 om-

1693 2216 1784 2273 nis
1835 2217 2004 2273 debet
2067 2231 2193 2273 esse
2255 2216 2565 2272 contentio,
2599 2219 2666 2274 Et
2713 2216 2866 2287 ide0,

1692 2288 2000 2345 secundum
2032 2287 2299 2356 Glossam,
2337 2303 2609 2358 magnum
2658 2286 2865 2344 vitium

1692 2363 1778 2416 est
1800 2357 2075 2431 jactantia
2102 2363 2160 2414 et
2185 2361 2451 2415 humanae
2475 2358 2663 2415 laudis
2689 2360 2869 2416 ambi-

1691 2431 1792 2501 tio,
1820 2445 1946 2501 quae
1976 2429 2047 2485 de
2073 2445 2135 2485 se
2159 2429 2430 2486 aestimari
2450 2430 2685 2513 appetit,
2712 2431 2866 2502 quod

1692 2502 1751 2559 in
1789 2518 1850 2559 se
1887 2518 2002 2558 non
2040 2501 2240 2572 habet3
2295 2505 2352 2559 et
2399 2502 2640 2574 gloriam
2678 2519 2862 2575 suam,

1693 2591 1809 2631 non
1839 2572 2078 2645 gloriam
2105 2572 2204 2629 Dei
2225 2572 2448 2644 quaerit.
2478 2576 2520 2629 E
2546 2578 2746 2630 contra
2766 2590 2865 2630 ve-

1689 2662 1778 2716 ro,
1809 2661 2020 2716 magna
2059 2643 2239 2701 virtus
2275 2648 2361 2702 est
2393 2644 2708 2716 humilitaS,
2738 2661 2866 2714 quae

1694 2733 1755 2774 se
1776 2716 1916 2772 nihil
1945 2720 2192 2797 reputat,
2218 2721 2274 2772 et
2296 2716 2472 2773 solius
2497 2716 2597 2773 Dei
2620 2716 2865 2790 gloriam

1695 2786 1918 2859 quaerit,
1978 2802 2143 2857 elque
2200 2785 2307 2843 soli
2356 2787 2579 2859 placere
2625 2786 2862 2860 appetit.

1697 2863 1827 2916 Haec
1878 2861 1964 2915 est
2006 2858 2175 2914 etiam
2217 2874 2407 2928 causa,
2453 2875 2553 2916 cur
2595 2859 2865 2915 mandata

1698 2929 1798 2987 Dei
1828 2946 1943 2986 non
1969 2929 2306 3002 impleamus
2337 2949 2355 2985 :
2383 2929 2652 3001 quianon
2681 2929 2864 2986 humi-

1695 3003 1799 3066 les,
1833 3001 1934 3058 sed
1954 3000 2183 3073 superbi
2225 3006 2282 3057 et
2318 3001 2605 3058 ambitiosi
2646 3017 2860 3068 sumu5‚

1696 3078 2105 3146 praesumentes
2135 3072 2207 3128 de
2235 3071 2515 3128 industria
2542 3077 2599 3129 et
2648 3072 2863 3129 viribus

1696 3143 1929 3210 nostriS,
1981 3148 2044 3199 ut
2088 3143 2161 3200 ad
2202 3159 2271 3200 ea
2314 3142 2608 3215 implenda
2649 3159 2860 3214 nequa-

1698 3231 1868 3287 quam
1898 3213 2185 3271 humiliari
2229 3214 2533 3286 possimus,
2577 3214 2700 3282 Vel,
2755 3215 2863 3270 hoc

1698 3285 1990 3358 impedivit
2025 3287 2253 3343 Judaeos
2293 3301 2327 3341 a
2357 3286 2470 3342 fide
2516 3284 2747 3354 Christi,
2798 3285 2859 3340 in

1697 3363 1878 3429 parte,
1937 3356 2073 3428 quia
2122 3358 2304 3414 solum
2357 3356 2753 3425 attendebant,
2807 3361 2862 3412 et

1696 3429 1884 3485 adhuc
1927 3427 2233 3484 intendunt
2266 3428 2337 3486 ad
2369 3427 2633 3499 gloriam,
2667 3433 2725 3484 et
2763 3444 2859 3483 ex-

1696 3499 2026 3556 altationem
2059 3499 2456 3570 temporalem,
2487 3499 2735 3556 dandam
2780 3497 2862 3554 eis

1692 3587 1797 3643 per
1828 3569 2127 3638 Messiam3
2163 3570 2430 3628 videbant
2468 3576 2659 3626 autem
2699 3568 2859 3626 Chri-

1695 3648 1845 3699 stum
1872 3656 2183 3713 pauperem
2224 3645 2282 3698 et
2310 3643 2614 3716 abjectum.
2646 3645 2703 3697 et
2731 3640 2858 3696 ideo

1694 3729 1811 3770 non
1849 3717 2190 3785 receperunt
2229 3729 2382 3782 eum,
2422 3729 2539 3770 non
2566 3712 2862 3769 attenden-

1693 3788 1779 3841 tes
1810 3784 2127 3856 Scripturas
2157 3785 2593 3856 Prophetarum,
2626 3799 2752 3855 quae
2791 3782 2861 3837 de

1694 3858 1817 3928 ejus
1841 3860 2177 3928 paupertate
2200 3859 2257 3912 et
2280 3854 2861 3936 abjectione-loquun-

1695 3933 1809 3984 tur.
1839 3927 2032 3984 Gloria
2052 3932 2244 3985 autem
2297 3931 2353 3982 et
2387 3927 2673 3995 exaltatio,
2731 3939 2858 3996 quae

1692 4015 1794 4071 per
1823 3998 2110 4056 Christum
2141 3998 2332 4055 danda
2361 3997 2732 4070 promittitur,
2763 3995 2859 4075 illa

1691 4074 1780 4126 est
1801 4069 1982 4140 gloria
2006 4069 2272 4133 coelestis‚
2306 4084 2478 4140 quam
2507 4085 2622 4125 non
2647 4065 2855 4123 intelli-

1691 4143 1938 4212 gebant;
1970 4147 2028 4198 et
2055 4141 2183 4198 ideo
2221 4139 2462 4213 gloriam
2493 4156 2623 4211 quae
2663 4155 2697 4196 a
2735 4136 2853 4194 solo

1693 4215 1808 4270 Deo
1839 4219 1941 4283 est,
1972 4229 2087 4269 non
2134 4214 2487 4283 quaerebant,
2520 4215 2578 4266 et
2624 4211 2856 4282 propter

1691 4285 1800 4340 hoc
1824 4284 1883 4340 in
1911 4283 2248 4340 infidelitate
2273 4299 2376 4339 sua
2395 4280 2853 4361 permanserunt.

1693 4358 1816 4428 lpse
1846 4355 2001 4412 solus
2044 4359 2230 4426 potest
2260 4353 2481 4411 Christo
2536 4367 2775 4424 pauperi
2801 4355 2857 4407 et
