3146 5023
437 432 541 491 160

449 541 554 607 dit,
589 546 647 596 et
674 536 959 609 patienter
992 535 1135 591 ictus
1174 532 1433 602 sustinet,
1474 549 1620 604 quo-

442 627 624 682 usque
681 614 852 679 caput
908 605 1165 661 totaliter
1218 604 1620 661 abscindatur.

449 685 686 742 Sanctus
724 693 859 748 ergo
894 676 1117 732 Domini
1149 675 1496 743 Praecursor,
1524 675 1623 745 qui

447 757 578 811 ante
610 748 812 806 faciem
847 748 971 817 ejus
1003 746 1351 817 baptismum
1381 745 1441 801 in
1466 761 1623 816 aqua

446 820 891 895 praeparaverat‚
931 817 1310 885 baptizand03
1342 822 1400 872 et
1427 816 1621 886 bapti-

444 906 628 948 smum
683 888 743 944 in
797 886 1061 959 lacrymis
1115 886 1567 958 compunctionis
1601 928 1618 958 ,

441 959 852 1042 praedicand03
898 958 1069 1040 modo
1099 961 1387 1041 praeparat
1426 958 1620 1041 bapti-

444 1048 631 1091 smum
659 1047 717 1086 1n
740 1045 1020 1101 sanguine
1049 1045 1347 1099 passloms,
1369 1044 1621 1086 morien·

446 1106 538 1161 do.
594 1104 737 1158 Ecce
790 1100 1075 1170 quomodo
1120 1099 1277 1157 vadit
1342 1102 1617 1171 Joannes,

447 1175 667 1232 amicus
704 1170 939 1228 intimus
963 1170 1188 1227 Domini
1216 1173 1372 1242 Jesu,
1396 1178 1454 1227 et
1483 1187 1622 1228 con-

445 1243 815 1316 sanguineus,
843 1258 909 1299 ac
935 1241 1033 1299 Dei
1065 1243 1345 1299 maximus
1374 1246 1621 1299 secrcta-

448 1317 601 1385 rius3
649 1321 708 1371 et
737 1313 980 1385 qualiter
1015 1314 1146 1369 talis
1197 1319 1254 1370 et
1286 1318 1477 1369 tantus
1509 1311 1619 1381 vir,

446 1388 763 1460 imperante
794 1384 1069 1456 nequitia,
1096 1400 1162 1441 ac
1192 1383 1241 1439 si
1272 1391 1418 1440 esset
1459 1383 1619 1438 vilis·-

449 1458 630 1517 simus
658 1456 1008 1524 malefactor,
1047 1453 1332 1511 occubuit.
1376 1454 1420 1512 Ο
1453 1452 1623 1523 impi-

447 1530 602 1588 etasl
637 1529 681 1585 Ο
711 1527 1044 1584 crudelitas!
1076 1528 1262 1583 Justus
1292 1524 1622 1594 decollatur,

447 1603 515 1659 fit
539 1604 707 1670 caput
743 1599 866 1671 ejus
910 1596 1155 1671 pretium
1185 1595 1531 1665 saltationis,
1561 1595 1619 1651 in

446 1673 598 1730 disco
623 1670 878 1738 affertur,
908 1666 1345 1725 convivantibus
1370 1668 1617 1739 apponi-

444 1749 570 1812 tur3
603 1755 874 1813 magnum
915 1740 1148 1810 quidem
1182 1739 1487 1806 ferculum,
1517 1739 1618 1794 sed

443 1812 717 1871 horribile
764 1811 837 1867 ad
867 1808 1210 1866 videndum!
1244 1808 1406 1865 Unde
1447 1809 1620 1878 Chry-

444 1889 711 1941 sostomus
749 1899 765 1937 ε
799 1878 1033 1937 «Hodie
1076 1896 1203 1936 cum
1239 1879 1474 1936 Joannis
1502 1881 1621 1936 vir·

442 1960 553 2023 tuS‚
577 1958 633 2010 et
657 1951 896 2009 Herodis
920 1952 1136 2020 feritas,
1156 1951 1320 2007 nobis
1349 1951 1618 2021 refertur,

447 2040 721 2083 concussa
749 2027 881 2081 sunt
904 2022 1150 2092 viscera3
1181 2023 1354 2079 corda
1382 2026 1624 2078 tremue-

446 2102 621 2165 runt;
655 2093 923 2169 caligavit
945 2092 1133 2164 visus;
1168 2093 1366 2150 hebuit
1390 2092 1624 2149 intelle-

449 2174 608 2238 ctus;
646 2165 867 2240 aut'ugit
893 2164 1122 2223 auditus
1146 2182 1161 2236 3
1191 2163 1448 2248 aut-quid
1479 2179 1624 2222 con-

450 2245 562 2297 stat
620 2241 676 2295 in
735 2237 1000 2295 sensibus
1071 2237 1354 2303 humanis,
1394 2236 1623 2307 quando

449 2313 726 2367 virtutum
757 2308 1202 2381 magnitudinem
1230 2305 1414 2378 operit
1439 2305 1626 2362 crimi-

450 2397 590 2437 num
620 2379 970 2450 magnitudo.
1001 2380 1246 2435 Joannes
1269 2377 1413 2434 stola
1439 2377 1623 2432 virtu-

451 2458 593 2520 tum,
652 2449 1043 2523 magisterium
1102 2450 1267 2519 vitoe,
1306 2447 1637 2505 sanctitatis·

448 2524 654 2591 forma,
716 2537 919 2578 norma
967 2520 1229 2591 Justitiae,
1273 2520 1622 2593 virginitatis

446 2594 759 2666 speculum,
791 2592 1076 2664 pudicitiae
1102 2591 1321 2662 titulus,
1345 2590 1622 2649 castitatis

447 2667 788 2738 exemplum,
866 2663 1181 2721 oenitentiae
1210 2666 1324 2733 via,
1355 2669 1618 2737 peccato·

439 2753 570 2793 rum
600 2740 787 2804 venia,
862 2736 954 2792 dei
999 2733 1328 2807 disciplina:
1366 2737 1619 2792 Joannes

444 2810 629 2878 major
679 2808 933 2877 homine,
992 2811 1096 2876 par
1146 2807 1400 2878 AngeliS,
1452 2805 1620 2877 Legis

444 2895 687 2948 summa,
719 2878 1009 2949 Evangelii
1047 2879 1288 2946 sanctio,
1314 2879 1620 2948 Apostolo-

444 2967 568 3007 rum
595 2967 720 3019 vox,
750 2948 1037 3007 silentium
1069 2949 1506 3022 Prophetarum,
1533 2949 1622 3004 lu-

447 3039 620 3080 cerna
641 3022 859 3091 mundi,
873 3024 1227 3091 praecursorJ
1236 3020 1433 3088 udiciS,
1452 3020 1620 3076 Chri·-

446 3096 517 3150 sti
546 3095 842 3163 mediator,
871 3094 1030 3149 testis
1056 3092 1303 3160 Domini,
1331 3091 1619 3163 totiusque

452 3166 672 3221 medius
697 3163 1026 3221 Trinitatis!
1057 3166 1127 3219 Et
1155 3163 1247 3219 hic
1284 3167 1477 3220 tantus
1519 3165 1619 3219 da-

417 3283 432 3292 .
449 3241 546 3290 tur
574 3234 833 3304 incestui,
861 3233 1102 3291 traditur
1130 3234 1431 3305 adulturae,
1464 3233 1623 3289 addi-

450 3304 596 3360 citur
622 3306 929 3360 saltatrici!
955 3304 1155 3362 Merito
1183 3321 1321 3377 ergo
1350 3320 1623 3362 concussa

450 3379 583 3430 sunt
611 3373 848 3443 viscera,
881 3377 1051 3432 corda
1082 3381 1460 3437 tremuerunt.
1496 3397 1518 3426 ι
1552 3378 1621 3432 Et

452 3447 658 3501 iterum
687 3465 705 3499 ε
756 3464 785 3499 «
833 3448 981 3502 Deus
1007 3452 1199 3502 autem
1230 3446 1518 3516 sustinuit,
1563 3453 1623 3503 et

444 3518 662 3590 justum
692 3515 933 3587 amplius
962 3532 1265 3586 coronanS,
1305 3521 1363 3572 et
1406 3518 1494 3573 his
1524 3518 1622 3588 qui

456 3593 648 3660 postea
675 3589 879 3661 injuste
908 3589 1227 3658 patiuntur,
1260 3588 1498 3645 multam
1528 3592 1624 3645 de-

447 3660 775 3732 relinquens
813 3658 1251 3731 mitigationem.
1308 3659 1622 3717 Audiamus

446 3731 640 3805 igitur.
664 3730 1002 3803 quicumque
1028 3728 1086 3787 in
1105 3730 1317 3788 virtute
1347 3730 1621 3800 viventes

445 3804 589 3861 mala
609 3803 859 3876 patimur
874 3818 909 3859 a
924 3801 1253 3875 perniciosis
1267 3800 1620 3860 hominibuS.

444 3876 596 3932 Deus
626 3876 778 3932 enim
810 3879 948 3931 tunc
979 3873 1247 3932 sustinuit
1277 3890 1406 3931 eum
1436 3875 1533 3945 qui
1563 3878 1623 3930 in

444 3961 658 4016 cremo,
681 3964 810 4004 eum
836 3945 933 4019 qui
958 3944 1020 4004 in
1041 3962 1184 4004 zona
1213 3944 1465 4016 pellicea,
1490 3961 1621 4001 eum

446 4017 542 4088 qui
582 4017 642 4074 in
682 4018 906 4076 cilicino
950 4017 1305 4086 vestimento,
1348 4031 1477 4074 eum
1526 4015 1622 4087 qui

447 4091 731 4162 Propheta
755 4095 812 4146 et
836 4090 1005 4147 etiam
1032 4090 1159 4161 plus
1178 4103 1349 4159 quam
1375 4088 1624 4159 Prophe·

450 4166 503 4216 ta
529 4165 669 4224 erat,
695 4178 826 4218 eum
853 4163 951 4233 qui
978 4160 1196 4217 nullum
1223 4160 1497 4231 majorem
1527 4160 1625 4214 ha·

441 4231 642 4301 'bebat,
670 4231 852 4288 occidi
883 4247 918 4288 a
938 4232 1126 4302 puella
1149 4230 1546 4287 incontinente
1564 4234 1623 4285 et

451 4309 718 4372 corrupta
745 4301 1070 4372 meretrice3
1104 4309 1160 4357 et
1187 4301 1297 4358 hoc
1329 4300 1485 4371 leges
1514 4302 1619 4364 de,-

450 4370 776 4429 fendcntem
804 4372 1043 4430 divinas.
1077 4373 1210 4428 Haec
1236 4369 1432 4442 itaque
1462 4369 1620 4442 cogi-

1192 429 1412 484 cltum
1465 428 1705 483 PAMls
1762 428 1972 482 cnm·
2016 430 2187 483 -val

1736 538 1924 591 tantes
1945 534 2196 592 feramus
2214 534 2733 597 universaviriliter
2753 556 2918 612 quae-

1738 620 1980 676 cumque
2000 606 2271 677 patimur.
2306 608 2443 676 Quis
2473 608 2625 666 enim
2645 627 2762 666 non
2792 611 2916 668 uti·
2974 632 2987 643 ·

1736 691 1846 748 que
1882 677 2260 747 horresceret,
2291 694 2519 737 sacrum
2564 680 2706 738 illud
2737 690 2917 754 caput

1736 748 2015 817 sanguine
2051 747 2290 814 stillans,
2324 749 2373 806 si
2410 753 2627 809 videret
2656 753 2715 808 in
2748 769 2921 810 coena

1736 817 2098 888 praepositum
2118 820 2146 874 ‘P
2174 819 2232 875 Si
2285 820 2438 876 enim
2478 830 2585 878 nos
2611 823 2920 882 audientes

1733 890 1855 945 haec
1884 889 2284 959 horrescimus,
2325 891 2460 962 quid
2499 892 2736 964 dignum
2783 899 2917 951 erat

1733 961 1918 1016 visum
1947 958 2110 1016 illum
2132 964 2266 1017 tunc
2292 961 2518 1033 operari
2541 963 2571 1019 *ἶ
2607 964 2746 1031 Quid
2782 965 2920 1037 pati

1735 1047 1854 1096 eos,
1884 1032 1979 1103 qui
2013 1029 2184 1088 simul
2219 1033 2649 1102 recumbebant,
2681 1037 2920 1092 noviter

1733 1101 1906 1159 occisi
1959 1102 2160 1171 capitis
2216 1103 2555 1174 sanguinem
2600 1103 2916 1163 stillantem

1732 1173 1989 1230 videntes
2019 1172 2079 1228 in
2103 1174 2292 1231 medio
2322 1174 2568 1232 convivii
2588 1175 2618 1231 ‘i
2648 1170 2757 1232 Sed
2788 1193 2914 1234 non

1734 1243 1967 1316 iniquus
2000 1246 2274 1315 Herodes,
2312 1262 2501 1317 neque
2553 1246 2914 1304 abominabi-

1733 1314 1845 1370 lior
1872 1331 1939 1370 eo
1973 1315 2201 1384 mulier,
2241 1332 2429 1388 neque
2472 1316 2767 1400 sanguinis
2801 1336 2910 1375 vo-

1734 1386 1913 1442 ratrix
1941 1385 2060 1451 illa,
2090 1402 2258 1459 passa
2287 1391 2375 1444 est
2421 1387 2640 1459 aliquid
2674 1390 2744 1446 ob
2775 1405 2904 1462 spe·

1734 1456 2021 1513 ctaculum
2048 1456 2232 1515 istud:
2270 1480 2294 1510 ν
2327 1460 2450 1516 haec
2473 1460 2906 1531 chrysostomus.

1736 1529 1899 1585 Unde
1922 1534 1980 1584 et
2007 1530 2304 1598 ereqorius
2329 1549 2347 1586 ε
2383 1552 2405 1581 ι
2436 1533 2557 1588 Non
2587 1533 2709 1588 sine
2731 1531 2910 1588 admi-

1734 1600 1956 1655 ratione
1969 1601 2302 1670 gravissima
2327 1602 2615 1683 perpendo
2644 1600 2923 1675 quodille‘

1736 1670 2057 1742 Prophetiae
2099 1670 2302 1742 spiritu
2340 1675 2491 1727 lutra
2544 1674 2742 1729 matris
2785 1677 2909 1730 ute-

1733 1756 1864 1797 rum
1916 1741 2186 1813 repletuS,
2235 1757 2345 1811 quo
2385 1742 2535 1805 inter
2569 1748 2734 1799 natos
2772 1760 2909 1800 mu-

1735 1811 1942 1893 lierum
1977 1827 2147 1868 nemo
2178 1813 2365 1884 major
2393 1813 2656 1883 surrexit,
2688 1816 2761 1870 ab
2792 1814 2905 1871 ini-

1733 1898 1863 1953 quis
1925 1883 1983 1938 in
2033 1898 2319 1939 carcerem
2374 1883 2637 1955 mittitur,
2688 1890 2747 1941 et
2798 1901 2907 1959 pro

1735 1953 1937 2025 puellae
1968 1955 2127 2037 saltu·
2151 1952 2335 2036 capite
2367 1957 2691 2024 truncatur,
2733 1963 2791 2013 et
2817 1960 2907 2013 vir

1733 2029 1908 2082 tantae
1950 2028 2262 2082 sanct1tat1s
2317 2042 2419 2098 pro
2475 2025 2596 2084 risu
2651 2029 2905 2099 turpium

1734 2096 1995 2154 moritur.
2030 2097 2451 2169 Numquidnam
2486 2097 2769 2155 credimus
2799 2099 2904 2156 ali·

1732 2167 1875 2294 auid
1905 2166 2077 2224 fuisse
2100 2167 2162 2224 in
2194 2170 2317 2240 ejus
2345 2169 2480 2238 vita,
2514 2171 2667 2241 quod
2695 2169 2794 2227 illa
2822 2170 2905 2227 sic

1774 2244 2002 2308 especta
2034 2254 2186 2294 mors
2215 2239 2509 2312 tergeret?
2533 2240 2644 2296 Sed
2674 2244 2903 2311 quando

1732 2309 1827 2366 ille
1852 2309 1941 2366 vel
1970 2309 2031 2365 in
2062 2307 2188 2365 cibo
2222 2311 2498 2381 peccavit,
2526 2309 2623 2381 qui
2652 2311 2904 2370 locustas

1732 2380 2086 2437 solummodo
2146 2385 2204 2436 et
2255 2382 2368 2438 mel
2422 2381 2680 2439 silvestre
2731 2383 2852 2440 edit
2875 2386 2903 2440 ‘t

1735 2452 1975 2519 Quando
2015 2451 2448 2509 conversatione
2475 2470 2576 2510 sua
2613 2453 2903 2511 offendere

1734 2526 1939 2593 potuit,
1980 2523 2079 2595 qui
2126 2525 2197 2581 de
2237 2540 2428 2581 eremo
2474 2541 2593 2581 non
2626 2526 2902 2586 recessit?

1733 2595 1878 2663 Quid
1918 2600 2006 2652 est
2040 2595 2193 2666 quod
2243 2594 2604 2668 omnipotens
2644 2599 2790 2654 Deus
2819 2599 2903 2655 sic

1731 2668 2101 2722 vehementer
2144 2665 2205 2721 in
2254 2668 2363 2723 hoc
2412 2667 2602 2723 seculo
2637 2667 2900 2740 despicit,

1732 2753 1871 2808 quos
1887 2739 1969 2793 sic
1989 2735 2310 2793 sublimiter
2329 2743 2461 2794 ante
2477 2737 2668 2794 secula
2691 2740 2902 2812 elegit?

1731 2806 1842 2864 nisi
1872 2808 2023 2881 quod
2052 2806 2251 2879 pietati
2278 2808 2533 2865 fidelium
2553 2814 2728 2880 patet,
2759 2825 2899 2892 quo-

1729 2879 1887 2936 niam
1916 2878 2126 2936 idcirco
2158 2880 2240 2936 sic
2300 2896 2399 2937 eos
2426 2880 2635 2953 premit
2665 2879 2725 2937 in
2768 2883 2899 2938 lufi-

1732 2953 1859 3023 miS,
1889 2950 2024 3023 quia
2060 2948 2216 3006 videt
2249 2953 2532 3025 quomodo
2577 2958 2903 3010 remuneret

1731 3024 1792 3079 in
1822 3021 2099 3091 summis;
2132 3027 2189 3079 et
2218 3022 2371 3080 foras
2398 3040 2577 3095 usque
2608 3026 2678 3080 ad
2706 3027 2900 3095 despe-

1732 3099 1884 3150 ctum
1915 3093 2134 3176 dejicit,
2154 3092 2289 3165 quia
2313 3094 2467 3151 intus
2489 3095 2561 3151 ad
2583 3096 2898 3167 incompre-

1730 3164 2033 3221 hensibilla
2066 3166 2343 3234 perducit.
2372 3168 2514 3221 Hinc
2551 3180 2686 3235 ergo
2718 3181 2900 3221 unus-

1731 3237 1971 3307 quisque
1988 3234 2219 3305 colligat
2244 3234 2382 3304 quid
2406 3234 2519 3290 illic
2545 3234 2766 3303 passuri
2788 3236 2903 3293 sint

1731 3322 1876 3377 quos
1902 3305 2191 3376 reprobat,
2225 3305 2272 3361 si
2299 3304 2380 3361 sic
2410 3306 2623 3362 cruciat
2648 3305 2740 3361 hic
2757 3322 2900 3378 quos

1730 3381 1883 3433 amat
1920 3392 1934 3430 z
1974 3395 2002 3427 »
2044 3377 2167 3432 haec
2193 3376 2505 3444 Greqorius.

1804 3453 1834 3503 5
1859 3447 2125 3514 Qnouono
2174 3463 2390 3503 uAnm
2431 3447 2651 3503 Cmus‘n
2684 3466 2896 3505 Pus-arr.

1731 3549 1802 3559 -
1830 3520 2086 3573 Mortuus
2128 3522 2216 3573 est
2253 3516 2430 3590 igitur
2488 3521 2738 3576 Joannes
2833 3536 2897 3575 ro

1732 3587 1977 3657 Christ0,
1995 3588 2131 3660 quia
2151 3604 2256 3661 pro
2283 3588 2544 3646 veritate.
2564 3591 2722 3647 Unde
2749 3593 2762 3646 i
2808 3607 2898 3648 em

1733 3660 2026 3729 Greqorius
2076 3676 2091 3715 :
2133 3682 2154 3711 ι
2211 3662 2405 3742 Neque
2441 3660 2595 3718 enim
2648 3661 2901 3745 Baptista

1730 3733 1978 3788 ,loannes
2021 3732 2092 3788 de
2131 3732 2490 3788 confessmne
2540 3732 2768 3802 Christi,
2801 3733 2898 3790 sed

1732 3803 1805 3860 de
1842 3801 2080 3875 justitiae
2114 3802 2354 3860 veritate
2396 3803 2703 3874 requisitus
2731 3821 2897 3861 occu-

1731 3873 1874 3931 buit.
1908 3875 2038 3944 Sed,
2079 3873 2213 3945 quia
2250 3873 2510 3932 Christus
2547 3878 2633 3931 est
2663 3877 2892 3942 veritaS‚

1732 3944 1943 4001 idcirco
1971 3961 2153 4017 usque
2173 3947 2244 4002 ad
2264 3951 2508 4003 mortem
2532 3962 2635 4019 pro
2651 3945 2892 4012 Christo,

1733 4015 1868 4086 quia
1910 4015 2128 4073 scilicet
2160 4033 2264 4090 pro
2310 4015 2572 4086 veritate,
2654 4015 2891 4074 ervenit.

1731 4088 1810 4143 Ex
1835 4103 1947 4159 quo
1990 4091 2144 4159 patet
2201 4087 2353 4160 quod
2390 4103 2505 4144 non
2556 4104 2618 4145 so
2646 4103 2740 4143 um
2792 4102 2890 4159 pro

1731 4158 1868 4229 fide,
1897 4159 1997 4215 sed
2021 4157 2195 4215 etiam
2264 4174 2328 4215 ro
2373 4158 2610 4216 veritate
2658 4157 2890 4230 justitiae

1732 4233 1951 4301 martyr
1998 4228 2125 4300 quis
2180 4245 2211 4285 e
2281 4228 2447 4287 citur.
2477 4250 2508 4281 »
2566 4230 2725 4286 Unde
2761 4227 2893 4283 dicit

1731 4300 2104 4369 Aaou-stium.
2133 4300 2308 4371 quod,
2337 4316 2465 4357 cum
2495 4316 2652 4358 mors
2679 4315 2783 4372 pro
2801 4314 2890 4355 ve-

1731 4370 1901 4427 ritate
1952 4369 2190 4441 jnstitiae
2242 4370 2569 4444 suscipitur,
2620 4375 2892 4443 martyres
