3146 5023
644 437 725 490 ΒΕ
782 436 1206 492 REFECTIONE
1260 436 1576 502 sunnon
1628 438 1918 497 titutum
1974 440 2295 494 HOMINUM.
2620 434 2713 492 331

247 548 442 605 triduo
493 548 766 602 sustinent
823 558 927 613 me,
983 556 1085 618 pro
1139 547 1429 606 curatione
1544 545 1882 608 miraculum
1935 548 2345 617 diffamarent,
2405 550 2463 604 et
2519 544 2712 603 notius

254 628 494 676 suorum
524 630 667 689 quos
686 616 1001 674 attulerunt
1030 620 1428 691 exspectando,

253 696 313 748 et
338 696 709 763 perseverant
734 700 976 757 mecum,
1006 700 1095 746 me
1117 692 1427 761 sequendo,

242 763 430 819 verba
460 774 589 817 mea
617 759 919 827 audiend0‚
953 763 1011 817 et
1042 761 1316 819 miracula
1344 763 1427 819 vi-

243 834 475 903 dend03
517 831 629 889 alia
675 844 807 887 vero
860 831 1005 888 ratio
1044 834 1426 891 miserationis

242 908 335 962 est
372 904 701 971 necessitas,
728 918 823 958 neo
863 906 1007 959 enim
1055 905 1254 961 habent
1279 908 1427 976 quod

241 977 596 1044 manducent,
614 980 670 1031 et
687 978 878 1031 tamen
892 988 1005 1031 non
1025 975 1422 1046 sollicitantur,

245 1053 306 1105 et
360 1048 487 1103 ideo
527 1044 788 1117 congruit
841 1044 923 1101 eis
970 1047 1291 1117 providere.
1346 1044 1426 1105 Ex

243 1132 360 1191 quo
439 1123 556 1174 atet
591 1129 789 1173 eorum
818 1116 1069 1186 devotio,
1102 1122 1159 1174 et
1249 1123 1424 1176 uanto

246 1188 301 1246 ei
355 1204 389 1245 a
432 1190 730 1245 hfflrebant
768 1184 1074 1256 desideri0‚
1131 1203 1200 1245 au
1246 1190 1426 1247 ientes

246 1273 507 1318 suavem·
538 1254 856 1315 doctrinam
891 1296 906 1326 ,
968 1261 1422 1332 contemplantes

242 1331 560 1405 gratiosam
587 1329 812 1397 faciem,
834 1328 1091 1386 videntes
1111 1332 1235 1403 ejus
1252 1342 1426 1404 opera

241 1401 555 1470 mirabilia,
595 1400 668 1457 ad
700 1412 826 1471 quas
856 1400 914 1457 in
945 1400 1171 1458 tantum
1205 1404 1422 1461 afficte·

243 1475 481 1541 bantur,
533 1480 598 1528 ut
642 1472 802 1542 quasi
839 1476 997 1529 extra
1048 1486 1109 1530 se
1149 1475 1319 1546 rapti,
1356 1476 1428 1532 de

245 1543 538 1602 alimoniae
568 1542 792 1600 defectu
823 1543 1048 1600 solliciti
1074 1558 1185 1602 non
1216 1550 1425 1615 essent,

200 1632 205 1635 ·
246 1620 306 1673 et
375 1626 439 1671 er
466 1620 583 1671 tres
613 1614 735 1671 dies
763 1610 836 1671 ad
877 1615 1005 1672 loca
1034 1617 1269 1745 propria
1308 1629 1425 1674 non

247 1703 314 1744 re
361 1689 529 1756 irent,
573 1693 871 1743 manentes
908 1698 1039 1743 cum
1097 1690 1137 1746 C
1180 1688 1320 1745 risto
1370 1680 1429 1746 in

252 1758 381 1815 loco
413 1758 736 1826 deserto,et
758 1757 861 1814 sub
890 1757 984 1815 dio
1014 1775 1082 1815 ac
1111 1761 1233 1817 sine
1264 1760 1423 1830 cib03

248 1830 353 1887 sed
391 1842 508 1887 non
545 1833 813 1901 poterant
856 1828 916 1886 in
954 1829 1105 1888 victu
1157 1831 1423 1903 deficere,

287 1901 385 1958 uia
413 1905 579 1957 erant
607 1912 734 1958 curn
757 1903 897 1958 Jesu
927 1898 1237 1960 salvatore.
1264 1902 1425 1960 Ciba-

245 1990 276 2029 r
299 1988 335 2030 a
360 1968 589 2044 qnippe,
624 1983 749 2044 quaa
780 1973 850 2029 de
886 1973 1149 2031 domibus
1179 1974 1296 2032 suis
1325 1986 1426 2047 ap-

243 2048 636 2128 portaverant,
652 2045 772 2115 jam
800 2049 1136 2117 consumpta
1155 2050 1342 2115 erant,
1371 2049 1424 2102 et

245 2130 308 2172 1n
338 2115 563 2171 deserto
593 2115 718 2171 loco
749 2118 960 2171 vtetum
986 2116 1281 2189 acquirere
1311 2128 1425 2174 non

245 2190 550 2260 poterant3
583 2190 641 2243 et
687 2184 816 2243 ideo
863 2186 1049 2259 prima
1079 2188 1171 2244 die
1208 2188 1296 2244 vel
1334 2205 1423 2246 se-

247 2252 456 2327 cunda,
486 2258 594 2313 hoc
615 2256 953 2315 miraculum
983 2273 1097 2315 non
1124 2258 1276 2329 fecit,
1304 2264 1424 2316 tum

246 2329 382 2403 quia
419 2328 689 2386 alimenta
722 2329 906 2386 adhuc
951 2330 1262 2398 habebant,
1302 2335 1424 2388 tum

246 2401 383 2530 guia
402 2400 739 2458 miraculum
761 2400 941 2474 magis
961 2400 1225 2473 apparuit
1248 2414 1425 2474 quan-

289 2489 322 2530 o
345 2471 426 2530 eis
440 2472 621 2529 victus
636 2472 869 2530 omnino
887 2473 1112 2530 defecit.
1134 2478 1208 2531 Et
1233 2477 1303 2543 si,
1321 2474 1421 2544 ait,

250 2545 510 2600 dimisero
537 2557 624 2599 eos
658 2544 897 2613 jejunos,
933 2547 995 2600 in
1023 2546 1244 2600 domum
1266 2559 1424 2602 suam

250 2614 332 2672 sic
379 2615 577 2671 labore
616 2617 674 2669 et
704 2615 853 2670 fame
882 2614 1136 2684 affectos,
1176 2617 1426 2687 deficient

249 2690 311 2742 in
350 2689 466 2753 via,
497 2690 555 2744 et
581 2684 713 2741 ideo
742 2686 976 2742 refectio
1009 2691 1095 2742 est
1120 2686 1204 2743 eis
1236 2701 1425 2744 neces·

249 2757 423 2815 saria.
444 2759 623 2814 Tanta
644 2762 730 2812 est
749 2757 1033 2815 creatoris
1061 2757 1259 2828 virtus,
1312 2758 1427 2816 uod

250 2829 296 2886 si
327 2833 647 2886 creaturam
676 2829 988 2898 desereret,
1021 2830 1251 2886 omnino
1314 2829 1428 2886 efl-

251 2906 422 2957 ceret.
464 2901 704 2967 Quidam
751 2902 896 2955 enim
939 2913 1008 2956 em
1045 2903 1124 2956 eis
1175 2902 1243 2956 de
1273 2902 1361 2956 lon
1402 2915 1431 2956 e

250 2973 531 3039 venerunt,
563 2973 620 3026 et
652 2983 687 3026 a
716 2970 979 3028 domibus
1008 2970 1125 3027 suis
1152 2970 1319 3042 longe
1389 2971 1430 3027 i-

253 3042 499 3107 stabant‚
532 3040 630 3112 qui
659 3042 804 3098 forte
836 3041 928 3098 die
957 3042 1301 3114 praecedenti
1336 3055 1431 3125 pa·

257 3128 387 3169 rum
414 3112 584 3168 etiam
610 3112 1006 3183 comederant3
1040 3114 1193 3171 fama
1222 3111 1429 3170 Chr1sti

261 3201 295 3242 a
321 3184 557 3240 remotis
586 3183 795 3241 diffusa
830 3187 972 3256 erat,
1009 3190 1067 3242 et
1101 3181 1230 3243 ideo
1268 3185 1431 3243 multi

261 3256 332 3313 de
360 3256 532 3327 longe
563 3259 861 3313 venerant.

329 3332 361 3384 5
393 3330 699 3384 Rasroasm
717 3341 1105 3386 mscipunonmt
1127 3340 1300 3386 nam
1320 3341 1431 3386 nu*-

259 3413 536 3458 rmum-m.
568 3429 639 3441 --
662 3402 735 3456 Et
760 3400 1158 3472 responderunt
1182 3403 1235 3456 ei
1258 3402 1428 3457 disci·-

251 3471 376 3545 puli
400 3474 491 3527 sui
529 3487 544 3526 ε
584 3472 739 3529 Unde
766 3474 894 3527 illos
941 3476 1068 3545 quis
1103 3475 1307 3543 poterit
1340 3474 1429 3528 hio

255 3547 508 3598 saturare
537 3544 777 3612 panibus
796 3547 859 3598 in
887 3546 1186 3600 solitudine
1203 3546 1232 3599 i'
1256 3543 1427 3611 Quasi

258 3612 509 3669 dicerent
542 3625 555 3667 t
586 3615 763 3670 Locus
792 3619 879 3670 est
906 3614 1166 3671 desertus
1193 3619 1251 3672 et
1280 3615 1425 3672 mul·-

259 3688 379 3741 tum
410 3683 627 3740 distans
656 3683 838 3750 vi11ae;
877 3689 934 3740 et
969 3683 1098 3741 ideo
1137 3701 1252 3741 non
1282 3701 1427 3758 pos-

261 3770 451 3824 sumus
503 3768 605 3826 per
656 3755 969 3811 humanam
1011 3756 1425 3828 providentiam

258 3825 580 3883 necessaria
627 3826 860 3882 habere.
898 3826 1027 3895 Ipsi·
1057 3826 1165 3883 hoc
1198 3827 1428 3885 infirma

258 3901 601 3969 cogitatione
653 3897 951 3967 dixerunt3
992 3911 1105 3954 non
1144 3896 1296 3954 enim
1331 3900 1426 3956 ad·-

256 3970 362 4025 huc
398 3966 818 4038 intelligebant,
847 3982 1032 4040 neque
1070 3968 1263 4025 virtuti
1303 3971 1426 4042 eJ‘us

255 4042 485 4113 propter
538 4039 729 4112 priora
766 4038 1041 4097 miracula
1092 4039 1421 4099 credebant.

257 4113 326 4174 Et
350 4113 714 4180 inter-requivit
743 4125 829 4166 cos
862 4125 875 4167 t
908 4113 1048 4179 Quot
1070 4127 1239 4182 panes
1266 4113 1425 4169 habe-

260 4183 369 4239 tis?
398 4183 521 4238 Non
558 4181 933 4253 interrogavit
964 4183 1232 4240 Dominus
1261 4186 1424 4256 quasi

259 4252 514 4310 nesciens
542 4254 678 4327 quid
711 4253 1026 4323 haberent;
1062 4255 1162 4311 sed
1192 4255 1264 4312 ad
1296 4258 1422 4323 hoc,

259 4332 319 4381 ut
372 4340 502 4382 cum
553 4331 770 4399 septem
820 4325 1254 4398 responderent,
1310 4335 1441 4399 quo·

258 4397 551 4469 pauciores
584 4413 762 4471 panes
807 4396 1083 4471 dicerent,
1124 4412 1193 4456 eo
1236 4398 1422 4471 magis

1540 624 1742 690 fleret;
1765 625 1823 679 et
1848 625 1912 678 ut
1938 632 2003 677 ex
2029 634 2226 677 eorum
2251 618 2618 691 responsione
2641 617 2711 674 de

1540 695 1711 752 modo
1741 692 2086 766 provideret.
2127 692 2234 759 Qui
2262 691 2566 747 dia-erunt:
2611 692 2710 747 Se·

1532 771 1704 838 ptem,
1737 760 1886 837 quod
1920 769 2044 820 erat
2081 764 2240 833 quasi
2275 759 2417 818 nihil
2448 765 2712 833 respectu

1534 839 1709 895 tantae
1741 828 2151 904 multitudinis3
2175 834 2225 890 et
2242 844 2451 906 paucos
2476 836 2711 904 piscicu-

1537 911 1637 978 los,
1681 924 1796 965 non
1849 906 2080 976 multos,
2121 918 2228 963 nec
2281 918 2375 963 ma
2417 914 2541 973 nos,
2579 903 2713 974 quia

1534 979 1702 1052 pauci
1733 983 1898 1035 erant
1942 980 2001 1033 in
2046 992 2308 1045 numere,
2348 988 2380 1033 e
2448 976 2610 1049 parvi
2647 975 2708 1032 in

1537 1050 1877 1123 quantitate.
1914 1051 1977 1105 In
2005 1060 2127 1131 quo⁴
2157 1051 2395 1131 apparet
2424 1046 2706 1106 sobrietas

1535 1126 1594 1178 et
1641 1121 2020 1192 temperantia
2074 1114 2482 1192 discipulorum
2503 1156 2518 1187 ,
2576 1118 2711 1189 quia

1535 1204 1653 1250 non
1679 1194 1985 1250 utebantur
2002 1190 2291 1258 carnibus,
2312 1189 2412 1246 sed
2432 1189 2704 1261 piscibus,

1537 1268 1595 1321 et
1615 1264 1728 1321 illis
1750 1274 1865 1321 non
1890 1261 2133 1333 magnis,
2152 1262 2252 1318 sed
2273 1259 2465 1334 parvis
2489 1264 2545 1317 et
2569 1260 2711 1331 ipsis

1534 1332 1748 1420 paucis.
1791 1333 1998 1392 Omnia
2038 1334 2149 1391 ista
2177 1332 2445 1389 dicuntur
2478 1331 2551 1388 ad
2584 1343 2712 1387 ma·

1528 1420 1718 1480 Jorem
1756 1404 2199 1462 declarationem
2243 1403 2524 1472 miraculi,
2558 1403 2712 1475 quod

1536 1494 1603 1535 ex
1618 1481 1736 1535 tam
1767 1487 1941 1549 parvo
1963 1476 2087 1533 cibo
2149 1474 2360 1533 otuerit
2388 1478 2544 1532 tanta
2574 1470 2715 1530 mul·

1534 1549 1720 1607 titudo
1751 1547 1984 1615 satiari3
2017 1551 2074 1604 et
2153 1560 2219 1604 oc
2249 1547 2355 1604 suit
2381 1560 2484 1619 per
2517 1544 2710 1603 multi-

1536 1620 1906 1694 plicationem
1935 1619 2045 1677 cibi
2082 1619 2141 1675 in
2190 1620 2453 1675 manibus
2484 1616 2711 1675 Christi.

1608 1695 1642 1761 4
1673 1695 1942 1749 Camsrus
1973 1704 2144 1747 rmus
2181 1704 2247 1746 m·
2284 1702 2589 1746 PlsclcULos
2619 1704 2714 1744 nu-

1534 1776 1860 1821 Numcrmus
1879 1775 1981 1819 sua
1995 1774 2365 1819 nummmcar.
2395 1791 2452 1801 ·-
2478 1763 2553 1817 Et
2572 1772 2712 1831 prte-

1536 1840 1682 1907 σερίδ’
1711 1835 1883 1891 turben
1909 1833 2249 1890 discumbere
2284 1846 2451 1904 super
2488 1834 2713 1888 terram.

1535 1910 1601 1964 In
1633 1906 1747 1964 alia
1768 1906 2032 1978 pastione
2070 1906 2221 1962 circa
2259 1904 2499 1971 Pascha,
2535 1902 2719 1965 herba

1537 1981 1952 2050 superterram
1982 1981 2126 2045 erat,
2157 1988 2310 2033 nunc
2356 1978 2550 2032 autem
2593 1976 2715 2046 jam

1534 2050 1716 2107 herba
1747 2047 2053 2118 defecerat,
2077 2047 2231 2119 qula,
2254 2046 2564 2104 secundum
2587 2046 2717 2102 Ori·

1534 2136 1746 2191 qenem,
1778 2124 1835 2177 et
1857 2122 2050 2193 plures
2080 2120 2246 2187 alios,
2277 2118 2337 2174 in
2365 2118 2575 2185 hieme,
2608 2115 2716 2173 sci-

1535 2192 1747 2249 licetin
1776 2191 1867 2249 die
1901 2187 2231 2263 Epiphaniae
2247 2189 2357 2246 hoc
2380 2188 2718 2245 miraculum

1536 2264 1748 2320 factum
1775 2269 1882 2332 est,
1961 2262 2152 2319 uando
2185 2264 2242 2318 et
2271 2262 2436 2332 plura
2466 2257 2579 2316 alia
2609 2258 2717 2315 mi-

1534 2336 1732 2392 racula
1771 2349 1875 2406 per
1966 2335 2220 2390 ominum
2270 2334 2401 2389 sunt
2445 2331 2614 2388 facta.
2644 2332 2718 2387 Et

1534 2408 1807 2478 accipiens
1844 2409 2047 2477 septem
2093 2418 2285 2478 panes,
2331 2408 2382 2460 et
2414 2404 2614 2476 pisces,
2654 2405 2717 2459 ut

1534 2478 2050 2552 multiplicarentur
2106 2476 2374 2534 contactu
2438 2488 2714 2533 manuum

1533 2552 1854 2633 beatarum²
1902 2552 1955 2606 et
2004 2553 2222 2619 oratius
2267 2559 2454 2616 aqens,
2499 2549 2554 2603 in
2603 2561 2714 2618 quo

1535 2622 1694 2678 dedit
1721 2624 1887 2679 nobis
1916 2617 2239 2691 exemplum
2315 2617 2588 2674 ratiarum
2619 2634 2718 2674 ac-

1534 2691 1728 2758 tionis,
1769 2691 2081 2749 ostendens
2119 2705 2222 2746 nos
2309 2689 2501 2745 ifferre
2535 2704 2570 2745 a
2611 2689 2714 2746 be-

1537 2763 1683 2830 stiis»,
1716 2769 1776 2820 ut
1806 2762 2214 2830 cognoscentes
2254 2777 2288 2816 a
2326 2771 2460 2830 que,
2493 2766 2548 2816 et
2580 2757 2716 2830 quid

1539 2835 1729 2904 datur,
1762 2833 1977 2907 gratias
2012 2830 2164 2889 Patri
2192 2830 2469 2889 luminum
2499 2831 2713 2892 resera,-

1540 2918 1689 2975 mus,
1716 2920 1751 2961 a
1779 2920 1892 2977 quo
1918 2910 2006 2964 est
2030 2919 2183 2961 omne
2208 2903 2399 2958 datum
2428 2918 2458 2958 ο
2499 2903 2714 2984 tignum,

1539 2980 1593 3033 et
1620 2990 1775 3032 ornne
1814 2977 2016 3032 donum
2055 2975 2381 3047 perfectum,
2411 2987 2448 3029 u
2510 2978 2588 3029 ait
2619 2975 2716 3028 Ja-

1539 3048 1716 3105 cobus
1754 3047 2072 3117 apostolu33
2122 3044 2422 3110 benedis-it,
2453 3047 2517 3099 ut
2552 3045 2720 3101 bene-

1540 3118 1791 3176 dictione
1822 3133 1926 3176 sua
1953 3118 2299 3184 crescerent,
2334 3120 2386 3172 et
2414 3115 2586 3184 rreqit
2619 3127 2719 3184 per

1538 3189 1813 3248 minutias
1844 3233 1859 3259 ,
1920 3188 1993 3247 ad
2056 3185 2512 3246 distribuendum
2569 3186 2719 3243 inter

1537 3263 1753 3335 plures,
1795 3260 1894 3319 sed
1935 3255 2105 3318 modo
2154 3273 2302 3317 unus
2343 3256 2496 3316 solus
2531 3261 2716 3315 totum

1538 3333 1807 3405 colligere
1838 3337 2095 3400 conatur,
2125 3331 2277 3403 quod
2305 3330 2363 3387 in
2395 3343 2595 3387 omnes
2623 3327 2712 3386 in-

1537 3405 1800 3476 digentes
1832 3419 1866 3462 a
1900 3403 2126 3462 Christo
2156 3402 2437 3474 frangitur
2457 3419 2473 3470 ;
2493 3406 2544 3458 et
2563 3401 2717 3457 dedit

1536 3476 1832 3547 discipulis
1859 3477 2127 3545 suis,non
2148 3477 2210 3532 ut
2243 3473 2350 3532 sibi
2380 3473 2711 3541 retinerent,

1536 3547 1638 3605 sed
1669 3553 1751 3618 ut,
1782 3551 2072 3620 tamquam
2103 3545 2368 3607 ministri.
2412 3543 2712 3600 distribue-

1534 3623 1684 3688 rent,
1717 3623 1773 3676 et
1809 3622 1992 3676 turbae
2039 3620 2407 3690 apponerent,·
2435 3619 2487 3670 et
2515 3627 2715 3670 revera

1536 3697 1911 3761 apposuerunt
1932 3687 2120 3746 turbae.
2151 3691 2225 3745 Et
2247 3687 2718 3744 manducaverunt

1537 3762 1783 3833 quatuor
1811 3759 1987 3816 millia
2008 3759 2223 3816 scillcet
2245 3757 2566 3825 hominum,
2590 3755 2716 3813 abs-

1539 3845 1651 3903 que
1678 3829 2012 3888 mulieribus
2040 3836 2097 3887 et
2119 3829 2392 3902 parvulis,
2422 3833 2473 3883 et
2500 3833 2716 3884 satura-

1538 3902 1585 3959 ti
1611 3906 1769 3970 sunt3
1804 3917 1905 3959 nec
1936 3900 2161 3966 mirum,
2187 3900 2321 3971 quia
2348 3901 2561 3956 bonum
2587 3915 2715 3972 pro-

1537 3967 1782 4029 visorem
1819 3971 2160 4030 habuerunt.
2200 3971 2553 4028 sustulerunt
2582 3987 2719 4042 quo-

1539 4059 1651 4116 que
1681 4042 1940 4115 discipuli
1971 4043 2118 4127 quod
2141 4049 2499 4114 superaverat
2514 4044 2580 4098 de
2596 4043 2715 4109 fra-

1535 4117 1775 4189 qmentis
1791 4115 2032 4173 residuis
2046 4119 2250 4197 septem
2265 4117 2481 4185 sportas
2499 4114 2713 4186 plenas,

1532 4192 1597 4244 ut
1644 4187 1847 4244 darent
1881 4186 2228 4314 pausperibus
2257 4203 2270 4256 3
2304 4184 2364 4242 in
2414 4200 2527 4256 quo
2567 4186 2711 4242 bene

1533 4264 1770 4330 apparet
1826 4274 1922 4316 eos
2003 4273 2155 4315 uisse
2206 4261 2509 4320 saturatos
2566 4256 2707 4316 Ecce

1533 4335 1815 4402 quantum
1846 4328 1991 4388 valct
2040 4329 2420 4403 eicemosyna‚
2455 4333 2518 4386 et
2546 4344 2704 4385 com-

1534 4400 1842 4461 municatio
1888 4406 2105 4473 mutua,
2137 4397 2272 4476 qula
2316 4412 2410 4459 res
2444 4399 2713 4459 distribu-
