3146 5023
371 495 404 547 8
435 491 591 548 Gom
627 506 739 547 Non
783 505 959 557 somn
998 505 1227 545 conrom
1281 504 1474 555 noem,

196 620 203 625 ,
298 580 396 619 snn
431 579 496 617 1·:‘r
534 578 743 618 Anum
777 577 1003 617 occmrr.
1039 590 1109 603 -
1147 561 1261 615 Nec
1292 558 1477 614 solum

296 632 524 705 corpori
569 637 807 699 nocent:
852 631 952 688 sed
988 635 1046 687 et
1092 629 1344 686 animam
1382 644 1478 685 oc-

296 704 517 762 cidunt.
563 704 723 760 Unde
760 701 838 758 ait
878 702 1171 770 aream-ius
1207 717 1222 756 :
1277 720 1306 753 α
1332 701 1479 756 Dum

300 792 367 833 os
395 775 714 831 delectatur
760 772 821 828 in
858 770 1261 840 condimentis,
1282 769 1480 827 anima

296 851 541 903 necatur
572 843 946 901 comedentis.
1002 845 1070 899 Et
1097 842 1227 899 ideo
1256 840 1355 913 qui
1391 857 1481 898 sa-

340 917 463 973 iens
489 919 597 984 est,
618 915 971 986 voluptatem
1001 913 1257 984 corporis
1295 912 1356 968 in
1379 928 1480 969 vo-

323 991 577 1059 uptatem
606 985 783 1043 animi
816 989 1147 1042 commutet.
1178 1004 1207 1038 »
1236 984 1397 1040 Unde
1421 986 1480 1039 et

300 1058 567 1116 Rabanus
622 1074 636 1113 :
691 1079 721 1110 «
779 1056 838 1114 Si
889 1055 1247 1113 dulcedinem
1303 1052 1482 1111 divini

302 1128 516 1188 amoris
535 1127 785 1200 perfecte
800 1126 1139 1209 gustaveris²
1165 1127 1236 1183 de
1262 1129 1479 1197 tempo-

306 1200 419 1257 rali
446 1199 748 1256 dulcedine
791 1215 909 1255 non
947 1200 1192 1271 curabis,
1233 1217 1264 1249 »
1322 1197 1485 1253 Unde

306 1270 480 1329 ctiam
528 1272 731 1329 Seneca
777 1287 793 1326 ι
844 1291 875 1322 «
936 1269 1126 1327 Animi
1166 1268 1486 1340 voluptates

312 1340 575 1414 quisquis
608 1342 885 1414 sequitur,
927 1348 984 1398 et
1014 1342 1162 1397 bene
1193 1338 1484 1410 intelligit,

306 1412 563 1470 omnium
612 1428 883 1470 sensuum
934 1412 1329 1469 blandimenta
1356 1426 1488 1469 con-

303 1484 532 1540 temnit.
569 1506 591 1534 ι
631 1483 696 1558 ἱδί
734 1500 870 1555 ergo
928 1483 1011 1540 sic
1067 1484 1239 1541 hodie
1298 1482 1487 1550 fieret,

307 1560 477 1628 prout
493 1559 630 1611 tunc
647 1554 933 1628 discipuli,
959 1554 1094 1612 etin
1111 1554 1295 1636 prima
1319 1557 1488 1610 aetate

309 1626 695 1683 communiter
720 1626 981 1683 homines
1027 1626 1333 1694 faciebant,
1371 1640 1490 1681 non

308 1696 699 1768 indigeremus
749 1700 1030 1769 apparatu
1104 1711 1319 1764 rerum,
1382 1710 1491 1751 nec

309 1768 688 1839 suppellectili
741 1768 902 1824 varia
959 1772 1016 1822 et
1054 1781 1375 1838 pomposa:
1429 1765 1490 1821 in

312 1838 523 1910 quibus
569 1854 750 1910 genus
779 1839 1096 1893 humanum
1125 1844 1212 1893 est
1254 1835 1489 1893 inextri-

313 1907 576 1965 cabiliter
603 1908 951 1965 intricatum.
983 1906 1144 1963 Unde
1169 1909 1488 1977 Chrysosto-

315 1994 476 2035 mus:
510 1998 538 2030 «
569 1978 676 2035 Ubi
715 1978 870 2036 enim
909 1993 1221 2049 coquorum
1246 1994 1341 2036 ars
1374 1979 1490 2035 uti·
1525 2017 1529 2019 Α

314 2048 388 2106 lis
452 2052 542 2105 est
595 2048 760 2121 nobis
786 2050 815 2106 ‘2
879 2052 1193 2120 Nusquam,
1249 2050 1352 2107 sed
1407 2053 1496 2106 est

314 2120 483 2177 valde
526 2119 744 2178 inutilis
790 2126 848 2179 et
882 2120 1106 2190 nociva,
1160 2125 1219 2178 et
1268 2121 1493 2193 corpori

316 2196 376 2249 et
404 2191 614 2248 animae
660 2209 893 2259 nocenS,
941 2197 999 2249 et
1035 2197 1220 2251 mater
1247 2197 1334 2250 est
1366 2192 1494 2250 uni-

318 2279 617 2321 versarum
638 2265 1045 2336 aegritudinum
1062 2269 1119 2320 et
1131 2264 1462 2337 passionum
1477 2280 1491 2332 ;

320 2337 380 2391 et
407 2334 721 2404 lasciviam,
743 2352 875 2393 cum
898 2337 1079 2393 multa
1104 2333 1497 2392 munificentia

323 2403 562 2461 inducit.
599 2424 629 2459 »
668 2408 827 2464 Unde
879 2413 938 2464 et
972 2408 1208 2464 Seneca:
1246 2428 1276 2459 «
1299 2406 1355 2463 Si
1391 2420 1496 2461 au-

318 2474 447 2533 dire
492 2477 806 2535 humanum
847 2494 1031 2562 genus
1080 2476 1345 2547 voluerit,
1376 2481 1496 2533 tam

317 2562 737 2619 supervacuum
781 2555 924 2608 sciet
956 2549 1064 2608 sihi
1100 2566 1344 2622 coquum
1372 2564 1499 2605 esse

325 2633 500 2701 quam
541 2620 801 2679 militem.
849 2625 974 2679 Non
1023 2618 1380 2679 desiderabis
1405 2637 1499 2678 ar-

321 2691 531 2760 tificeS,
576 2693 623 2750 si
652 2692 865 2765 quaeris
914 2698 1203 2751 naturam.
1246 2690 1499 2764 Simplici

325 2777 465 2819 cura
495 2768 756 2819 constant
800 2766 1141 2832 necessaria,
1172 2765 1232 2820 in
1280 2762 1501 2819 deliciis

325 2832 640 2890 laboratur.
702 2852 731 2887 »
783 2833 944 2890 Unde
995 2834 1169 2891 etiam
1227 2837 1498 2890 Boetius:

328 2923 362 2959 α
383 2903 440 2961 Si
466 2906 538 2962 de
571 2922 640 2962 eo
671 2906 826 2977 quod
861 2908 1085 2962 naturae
1121 2904 1261 2964 satis
1291 2910 1379 2963 est
1407 2922 1501 2962 re-

324 2976 484 3048 plere
550 2976 926 3052 indigentiam
1007 2977 1170 3048 velie,
1227 2977 1370 3034 nihil
1419 2981 1508 3034 est

324 3054 564 3120 propter
587 3050 740 3122 quod
764 3049 1009 3107 fortunae
1032 3049 1387 3107 affluentiam
1403 3064 1503 3121 ap·

326 3124 529 3190 petas:
564 3120 758 3193 paucis
804 3121 959 3179 enim
1000 3121 1368 3192 minimisque
1399 3136 1505 3177 na·

326 3193 460 3245 tura
507 3195 773 3248 contenta
806 3197 911 3249 est.
959 3193 1131 3263 Cujus
1162 3192 1505 3261 satietatem,

322 3258 376 3317 si
413 3260 719 3330 superfluis
761 3278 967 3331 urgere
1003 3261 1165 3331 veliS‚
1210 3267 1308 3319 aut
1350 3261 1507 3334 inju-

325 3328 579 3406 cundum
608 3328 760 3397 quod
809 3330 1107 3401 infuderiS,
1153 3337 1250 3389 aut
1276 3331 1508 3390 noxium

327 3401 458 3453 erit.
488 3417 518 3447 »
541 3398 721 3463 Quam
744 3403 933 3457 autem
953 3403 1192 3459 modicis
1213 3404 1382 3459 rebus
1411 3417 1510 3458 na-

328 3469 462 3524 tura
488 3472 757 3524 contenta
776 3468 870 3536 sit,
899 3471 1146 3527 ostendit
1162 3474 1389 3540 Seneca,
1451 3470 1510 3527 ui

323 3538 496 3596 dicit:
540 3557 570 3593 «
600 3541 817 3597 Panem
850 3545 909 3597 et
934 3555 1145 3611 aquam
1181 3543 1388 3596 natura
1451 3556 1507 3596 e-

330 3609 548 3669 siderat
573 3628 589 3681 3
620 3626 789 3670 nemo
818 3612 894 3670 ad
939 3613 1062 3669 haec
1089 3625 1306 3684 pauper
1333 3614 1441 3669 est.
1473 3631 1504 3663 »

328 3683 402 3743 Et
427 3685 691 3741 Lucanus
718 3700 733 3740 :

399 3795 609 3851 Discite
633 3808 800 3866 quam
827 3807 1006 3866 parvo
1028 3792 1193 3850 liceat
1213 3790 1512 3877 prodacere

401 3939 476 3995 Et
502 3942 773 4008 quantum
808 3941 1015 3995 natura
1037 3938 1197 4008 petat
1226 3952 1244 3989 ε
1281 3863 1512 4004 2¹33&

1113 4007 1507 4080 [Cereremque.

330 4115 393 4176 Si
428 4132 564 4175 vero
595 4115 717 4174 istis
741 4118 953 4176 famem
982 4133 1086 4190 pro
1116 4114 1509 4184 condimento,

326 4192 391 4246 ct
423 4188 574 4245 salsa
597 4188 918 4258 addideris:
939 4189 1085 4245 miro
1111 4187 1281 4246 modo
1308 4183 1512 4257 sapida

329 4258 605 4328 reperies,
637 4274 766 4329 quae
815 4259 939 4315 sine
966 4261 1075 4315 hac
1130 4258 1235 4313 insi
1281 4256 1376 4313 ida
1424 4254 1507 4311 vi-

332 4328 560 4385 dentur.
594 4329 752 4384 Unde
781 4330 1141 4385 Rev-nardus:
1191 4346 1221 4382 α
1300 4327 1509 4382 ruden-

1029 380 1250 434 PRIMAE
1305 378 1535 434 PARTIS

1593 378 1805 433 CAPUT
1858 379 2038 434 LXXI

1587 490 1677 543 ter
1706 486 2008 559 sobrieque
2058 488 2440 558 conversanti,
2479 487 2635 546 satis
2676 493 2792 546 est-

1588 558 1662 614 ad
1692 574 1863 616 omne
1906 557 2332 615 condimentum
2370 558 2454 616 sal
2502 576 2635 616 cum
2677 560 2763 617 fa-

1587 645 1701 686 me.
1734 629 1858 697 Qua
1879 629 2002 686 sola
2025 646 2142 685 non
2164 635 2509 702 exspectata,
2528 647 2765 689 necesse

1589 704 1676 756 est
1698 700 1840 782 alias
1869 704 2039 771 atque
2067 699 2212 758 alias
2234 702 2306 758 de
2336 702 2529 759 nescio
2552 703 2764 785 quibus

1589 787 1770 828 succis
1786 775 2083 828 extraneas
2103 772 2306 841 confici
2325 774 2730 845 permixtiones
2745 791 2761 843 3

1590 858 1720 914 quae
1757 842 2022 899 videlicet
2051 847 2108 899 et
2160 843 2414 915 palatum
2471 848 2762 917 reparent,

1590 918 1647 969 et
1674 913 1867 984 gulam
1889 918 2219 985 provocent,
2241 920 2298 971 et
2326 915 2571 973 excitent
2596 932 2767 988 appe-

1589 983 1791 1041 titum:
1821 1006 1842 1036 r
1865 986 1990 1042 haec
2002 987 2339 1042 Bemardus.
2364 986 2564 1058 Igitur,
2590 991 2654 1044 ut
2676 986 2764 1044 di·

1589 1054 1668 1111 cit
1684 1058 1886 1113 Seneca
1901 1076 1919 1111 .·
1944 1078 1974 1109 «
1988 1056 2386 1130 Voluptatibus
2408 1058 2765 1127 resistamus,

1591 1125 1730 1198 quia
1766 1126 1990 1184 facilius
2036 1144 2152 1184 non
2186 1128 2560 1202 recipiuntur,
2595 1144 2768 1201 quam

1592 1203 1817 1255 exeunt.
1853 1218 1883 1250 »
1921 1200 1987 1254 Et
2011 1197 2257 1256 iterum:
2293 1223 2324 1253 «
2353 1201 2571 1273 Projice
2610 1216 2765 1273 quae-

1591 1284 1833 1353 cumque
1864 1285 1963 1326 cor
1986 1272 2149 1352 tuum
2169 1272 2390 1329 laniant
2413 1290 2427 1340 ;
2449 1272 2769 1344 voluptates

1591 1356 1878 1467 graeclpue
1931 1345 2202 1414 exstirpa,
2238 1348 2295 1400 et
2344 1342 2769 1402 inimicissimas

1635 1414 1742 1469 abe
1781 1428 1942 1469 more
1970 1412 2279 1484 latronum,
2311 1414 2406 1486 qui
2437 1413 2497 1471 in
2527 1416 2635 1471 hoc
2664 1429 2771 1471 nos

1594 1483 2042 1553 amplectuntur,
2071 1489 2135 1541 ut
2182 1486 2557 1557 strangulent.
2591 1507 2621 1537 »
2680 1487 2771 1553 Et,

1595 1559 1659 1611 ut
1686 1554 1841 1610 idem
1870 1553 2029 1624 dicit,
2061 1556 2135 1612 ad
2163 1557 2384 1614 rabiem
2424 1560 2637 1628 cogunt
2675 1572 2773 1613 ve-

1595 1624 1722 1681 nire
1750 1625 1969 1682 deliciae
1997 1642 2012 1694 3
2044 1630 2108 1682 ut
2137 1627 2410 1699 quidquid
2437 1643 2552 1683 non
2582 1632 2641 1684 et
2667 1642 2774 1684 vo-

1594 1696 1800 1753 luntati
1832 1697 2156 1768 respondet,
2215 1697 2361 1753 iram
2401 1702 2615 1753 evocet.

1669 1790 1703 1841 9
1735 1770 1816 1825 An
1853 1784 2240 1823 DEBELLANDUM
2273 1783 2639 1836 voLthrATES,
2679 1784 2774 1823 Fu·

1598 1855 2013 1894 onanoponrm
2041 1854 2391 1894 ocensmmm.
2425 1867 2493 1879 —
2544 1837 2632 1893 Ad
2668 1837 2771 1895 de-

1598 1909 1925 1966 bellandum
1948 1913 2140 1965 autem
2163 1909 2504 1980 voluptateS,
2528 1907 2778 1964 multum

1599 1981 1752 2037 valet
1777 1980 1974 2051 fugere
2002 1996 2202 2037 earum
2230 1979 2580 2051 occasiones.
2612 1977 2779 2035 Unde

1599 2051 1755 2108 idem
1785 2054 2028 2109 Seneca:
2079 2073 2109 2104 «
2147 2050 2510 2108 Debellandae
2557 2048 2781 2106 suntin

1602 2122 1805 2194 primis
1850 2124 2192 2195 voluptates,
2233 2128 2292 2179 et
2326 2122 2469 2178 nihil
2509 2120 2776 2190 delicate,

1602 2193 1747 2249 nihil
1773 2193 2023 2250 molliter
2053 2193 2408 2262 faciendum3
2441 2191 2532 2248 his
2558 2191 2774 2263 cogita-

1600 2263 1853 2321 tionibus
1882 2264 2184 2333 intentum,
2216 2265 2341 2320 loca
2378 2264 2530 2321 seria
2553 2267 2776 2320 sancta-

1604 2350 1714 2407 que
1751 2334 1961 2406 eligere
1999 2339 2241 2406 oportet.
2299 2335 2608 2407 Effeminat
2653 2333 2779 2395 ani·

1604 2422 1730 2462 mos
1757 2405 2062 2469 amoenitas
2092 2404 2303 2474 nimia:
2335 2422 2441 2461 nec
2475 2405 2646 2462 dubie
2675 2402 2778 2462 ali-

1604 2476 1742 2550 quid
1760 2477 1834 2534 ad
1848 2477 2332 2549 corrumpendum
2351 2476 2607 2551 vigorem
2622 2476 2779 2550 regio

1604 2553 1812 2622 potest.
1845 2568 1874 2604 »
1907 2549 2017 2606 Sed
2107 2548 2301 2606 uidam
2332 2554 2664 2607 excusantes
2695 2564 2779 2617 se,

1606 2621 1822 2704 dicunt²
1872 2619 2011 2693 quia
2104 2620 2281 2679 ebiles
2319 2624 2478 2689 sunt:
2531 2626 2587 2677 et
2648 2618 2782 2691 quia

1607 2700 1854 2750 assuetis
1883 2708 2080 2748 carere
2110 2708 2227 2748 non
2263 2696 2521 2764 possunt.
2569 2691 2781 2759 Quibus

1606 2764 1761 2821 idem
1788 2766 1989 2821 Seneca
2009 2764 2336 2835 respondet,
2368 2763 2592 2819 dicens:
2624 2784 2655 2815 «
2683 2761 2782 2819 Oc-

1610 2851 1806 2893 curres
1826 2835 1935 2891 hoc
1962 2834 2091 2893 loco
2121 2833 2262 2890 mihi
2293 2834 2393 2891 illa
2416 2850 2588 2891 voce:
2612 2831 2783 2889 nimis

1609 2907 1756 2964 dura
1783 2904 2076 2980 praecipis;
2113 2922 2220 2963 nos
2247 2905 2658 2963 homunciones
2684 2919 2785 2960 su-

1610 2994 1758 3048 muS,
1788 2977 1980 3035 omnia
2010 2976 2177 3034 nobis
2207 2994 2422 3050 negare
2450 2994 2564 3033 non
2584 2990 2784 3049 possu-

1611 3066 1757 3106 muS.
1793 3049 1913 3107 Scis
1940 3065 2117 3121 quare
2143 3066 2257 3106 non
2287 3065 2590 3120 possumus
2619 3047 2730 3103 ista
2751 3044 2783 3101 ‘?

1613 3120 1758 3189 Quia
1785 3136 1888 3177 nos
1924 3136 2095 3192 posse
2133 3136 2250 3176 non
2287 3116 2789 3198 credimus3Nolle

1612 3192 1675 3247 in
1695 3208 1871 3248 causa
1886 3195 1972 3246 est
1990 3208 2004 3258 ;
2025 3206 2141 3246 non
2200 3205 2326 3245 osse
2344 3189 2735 3259 praetend1tur.
2755 3205 2786 3241 »

1611 3264 1678 3318 Et
1716 3262 1959 3317 iterum:
1996 3280 2026 3312 «
2081 3262 2171 3326 Mo
2195 3264 2378 3315 estum
2408 3261 2514 3323 est,
2572 3256 2788 3335 inquis,

1615 3346 1810 3396 carere
1852 3328 2093 3386 assuetis
2149 3327 2552 3398 voluptatibuS,
2605 3325 2786 3380 absti-

1614 3417 1752 3457 nere
1783 3400 1930 3467 cibo,
1968 3398 2148 3479 sitire,
2177 3396 2413 3453 esurire.
2444 3397 2575 3451 Haec
2602 3392 2790 3466 prima

1615 3468 1960 3529 abstinentia
1987 3484 2185 3541 gravia
2208 3474 2363 3536 sunt,
2386 3466 2596 3523 deinde
2621 3465 2788 3538 cupi-

1616 3541 1766 3598 ditas
1808 3538 2213 3609 relanguescit,
2241 3537 2377 3595 inde
2405 3553 2668 3596 morosus
2701 3541 2789 3596 est

1617 3611 1971 3678 stomachus;
2007 3609 2141 3667 inde
2194 3608 2400 3682 quibus
2429 3608 2536 3665 ruit
2562 3608 2785 3679 aviduS,

1616 3682 1721 3741 tibi
1738 3681 1930 3740 odium
1957 3686 2064 3750 est,
2091 3679 2376 3738 desideria
2393 3683 2517 3753 ipsa
2540 3679 2792 3738 moriun-

1617 3760 1731 3812 tur.
1750 3756 1872 3811 Non
1900 3758 1987 3809 est
2013 3756 2284 3810 acerbum
2314 3768 2509 3809 carere
2542 3769 2610 3809 eo
2640 3750 2794 3823 quod

1620 3842 1832 3898 cupere
1858 3823 2118 3882 desieris,
2150 3823 2638 3893 Quemadmodum
2662 3837 2792 3905 per-

1621 3896 1891 3955 niciosior
1928 3899 2014 3953 est
2057 3895 2239 3952 hostis
2281 3893 2661 3966 fugientibus:
2712 3908 2795 3951 sic

1622 3985 1792 4026 omne
1818 3967 2244 4026 incommodum
2280 3965 2463 4037 magis
2496 3964 2672 4021 instat
2699 3978 2792 4022 ce·

1623 4039 1783 4097 denti
1811 4042 1869 4097 et
1894 4054 2130 4096 averso:
2162 4058 2192 4090 »
2215 4039 2339 4095 haec
2357 4039 2582 4095 Seneca.
2613 4038 2792 4108 Expe-

1622 4110 1708 4166 dit
1730 4114 1921 4168 autem
1950 4114 2013 4167 ut
2052 4126 2169 4167 non
2194 4108 2381 4168 solum
2406 4107 2463 4164 in
2513 4106 2793 4189 delicatis,

1621 4182 1726 4238 sed
1779 4180 1951 4238 etiam
1990 4182 2052 4237 in
2087 4180 2296 4238 vilibus
2346 4178 2490 4236 escis
2526 4193 2790 4250 concupi·

1622 4251 1841 4310 scentia
1867 4252 2192 4309 inordinata
2227 4249 2456 4319 vitetur,
2486 4250 2559 4306 ad
2589 4264 2793 4307 caven·

1623 4325 1759 4382 dum
1797 4338 2075 4392 murmur,
2116 4338 2226 4394 quo
2256 4323 2406 4378 Deus
2435 4321 2679 4379 multum
2708 4318 2793 4377 of·
