3146 5023
729 422 806 475 οε
862 420 1245 475 rnossirmi
1302 421 1571 477 risonis
1624 420 1700 476 Er
1754 420 2198 475 PARALYTIGO.
2529 394 2534 401 ’
2604 418 2695 473 219

8 558 19 571 ·
62 540 67 545 ’
222 534 329 588 ·in.
371 534 505 603 loco,
546 530 879 603 permittens
934 530 1006 586 ab
1061 527 1199 600 ipsis
1252 542 1422 586 suum

8 602 31 673 ’ζ
94 650 103 657 .
194 604 464 675 ssfactum
495 600 822 668 examinari,
851 606 1030 669 ut‚„eo
1059 602 1313 667 absente,
1342 604 1423 667 te—

10 678 105 723 «Γ
186 730 199 741 Ἴ
255 674 581 736 stimonium
620 675 785 731 fieret
808 671 1237 744 insuspicabile,
1276 672 1423 728 dans

14 750 35 765 '⁸
70 748 96 771 ‘⁴
183 756 197 809 'J
256 762 481 817 quoque
520 746 838 816 exemplum
878 760 997 805 nou
1035 742 1324 814 quaerendi
1361 741 1419 798 in

4 820 79 849 ῃ,

255 818 422 874 bonis
475 817 741 890 operibus
798 815 1024 871 laudem
1067 818 1125 870 et
1168 814 1421 871 savorem

253 889 572 959 hominum,
617 904 683 944 ac
738 885 1058 944 declinandi
1111 884 1419 956 aliquando

252 960 538 1017 consortia
591 957 923 1015 calumniari
980 955 1314 1024 volentium,
1363 957 1421 1012 et

251 1029 504 1102 fugiendi
523 1030 717 1087 oculos
733 1028 1052 1084 invidorum
1076 1026 1135 1082 in
1154 1026 1421 1098 operibus

252 1101 493 1165 nostris‚·
523 1118 597 1158 ne
636 1117 703 1157 ex
731 1101 845 1156 hoc
872 1098 1086 1156 invidia
1117 1103 1334 1154 crescat
1361 1097 1420 1153 in

253 1172 355 1229 eiS.
381 1176 595 1242 Postea,
619 1171 914 1243 propalato
945 1169 1218 1226 miraculo
1244 1173 1300 1225 et
1328 1184 1421 1225 so-

252 1243 376 1299 luta
397 1244 518 1314 jam
550 1246 738 1310 turba,
777 1245 985 1298 invenit
1020 1257 1139 1297 eum
1175 1243 1330 1295 Jesus
1360 1242 1422 1295 in

253 1317 475 1395 templo,
506 1313 640 1385 quia
668 1313 742 1369 ad
779 1311 1062 1438 agendum
1099 1312 1312 1380 gratias
1350 1310 1421 1366 de

254 1391 502 1441 sanitate
579 1383 685 1441 sibi
752 1399 816 1439 co
842 1384 958 1439 lata
1024 1383 1424 1453 frequentabat

252 1455 552 1527 templum,
572 1454 723 1527 quod
740 1460 826 1510 est
846 1453 1002 1509 locus
1021 1454 1094 1508 ad
1119 1452 1420 1508 orandum.

254 1530 317 1583 In
342 1528 510 1582 turba
535 1525 752 1597 positus
780 1540 897 1581 non
922 1523 1188 1594 cognovit
1203 1527 1232 1580 J
1239 1538 1420 1591 esum,

256 1599 355 1654 sed
378 1603 504 1669 post
527 1597 588 1653 in
610 1596 820 1668 templo
840 1594 1059 1651 invenit
1082 1598 1139 1650 et
1162 1592 1425 1665 cognovit

256 1671 509 1729 eum.·.1n
537 1684 646 1743 quo
678 1665 913 1738 mystice
951 1666 1117 1722 datur
1160 1664 1422 1736 intelligi,

256 1739 409 1815 quod
433 1742 597 1795 Jesus
627 1739 686 1794 in
719 1737 1079 1793 multitudine
1107 1735 1422 1805 hominum,

254 1815 315 1866 et
348 1810 408 1865 in
448 1808 674 1867 turbine
710 1823 970 1865 curarum
1023 1807 1424 1880 temporalium

254 1883 326 1938 de
358 1879 507 1947 facili
547 1897 661 1937 non
695 1879 1010 1948 invenitur3
1035 1880 1139 1936 sed
1167 1878 1227 1935 in
1254 1877 1422 1950 spiri-

255 1951 401 2013 tuali
447 1958 688 2021 secreto,
714 1956 771 2008 et
824 1950 887 2006 in
942 1949 1153 2022 templo
1211 1949 1422 2018 cordis,

172 2036 187 2045 ·
258 2023 413 2095 quod
434 2025 582 2079 Deus
607 2021 925 2078 inhabitare
947 2021 1234 2092 dignatur.
1264 2021 1424 2076 Unde

234 2095 338 2150 ·ait
375 2094 783 2163 chrysostomus
822 2111 839 2148 ε
879 2113 908 2143 «
947 2094 1166 2148 Invenit
1202 2107 1331 2148 eum
1366 2091 1427 2147 in

254 2165 490 2236 templo,
524 2164 675 2235 quod
713 2163 972 2220 maximae
1010 2162 1303 2231 religionis
1339 2166 1427 2218 est

257 2236 502 2305 signum.
537 2238 661 2292 Non
703 2234 858 2292 enirn
894 2233 1129 2291 secessit
1166 2234 1239 2290 ad
1276 2249 1422 2289 nun-

240 2306 421 2363 :ninas
443 2312 499 2362 et
519 2305 879 2363 circuitiones
889 2323 907 2376 ;
936 2321 1123 2377 neque
1150 2304 1277 2361 volu
1327 2302 1426 2359 tati

257 2382 357 2434 aut
393 2377 754 2449 negligentiae
803 2382 860 2434 et
898 2375 1222 2433 remissioni
1309 2373 1425 2432 edit

257 2448 644 2521 semetipsum,
682 2448 782 2505 sed
809 2448 869 2504 in
897 2448 1106 2521 templo
1136 2463 1432 2504 conversa·-

257 2522 445 2577 batur.
471 2524 686 2589 Jesum‚
709 2536 878 2591 quem
906 2520 1137 2576 inturba
1167 2535 1281 2575 non
1300 2534 1429 2589 cog»

256 2592 551 2658 noscebat,
594 2593 858 2662 cognovit
894 2590 1217 2662 intemplo,
1246 2588 1304 2645 in
1342 2589 1430 2645 lo-

257 2679 324 2720 co
375 2667 617 2719 sacrat0.
660 2682 689 2712 >›
731 2662 888 2719 Unde
927 2666 983 2718 et
1019 2663 1368 2730 Auqustinus
1409 2679 1426 2717 ε

262 2754 284 2785 ι
321 2733 561 2790 Difficile
590 2737 676 2789 est
702 2732 762 2789 in
791 2735 959 2790 turba
984 2733 1178 2789 videre
1208 2734 1425 2789 Jesum.

257 2805 456 2861 Adhuc
504 2804 747 2861 solitudo
796 2804 1058 2876 quaedam
1104 2804 1429 2864 necessaria

258 2881 345 2932 est
374 2876 551 2931 menti
580 2880 810 2931 nostrae.
843 2875 1038 2943 Quada
1127 2874 1429 2931 solitudine

259 2944 595 3002 intentionis
618 2945 841 3004 videtur
874 2948 1037 3002 DeuS.
1114 2947 1256 3002 urba
1284 2951 1428 3001 stre-

261 3017 443 3089 pitum
472 3018 664 3085 habet,
695 3016 835 3072 visio
852 3016 964 3073 ista
987 3021 1267 3073 secretum
1288 3017 1434 3073 desi-

260 3089 459 3160 derat:
491 3109 514 3139 ι
546 3088 669 3142 haec
690 3089 1057 3156 Auqustinus.
1083 3089 1147 3142 ln
1171 3088 1277 3144 boc
1294 3103 1429 3159 ergo

261 3160 433 3216 datur
455 3158 620 3215 nobis
644 3157 896 3229 metipsis
921 3157 1185 3228 intelligi,
1206 3158 1360 3229 quia,
1382 3158 1431 3215 si

259 3230 505 3302 gratiam
535 3229 857 3288 Conditoris
887 3244 1254 3301 cognoscere,
1276 3235 1333 3286 et
1357 3229 1430 3287 ad

261 3303 386 3373 ejus
441 3301 719 3358 visionem
768 3300 962 3358 venire
1014 3301 1292 3369 volumus,
1348 3302 1430 3358 fu-

262 3373 469 3444 gienda
531 3380 619 3430 est
687 3374 855 3430 turba
915 3371 1322 3443 cogitationum
1376 3376 1433 3430 et

261 3445 566 3501 affectuum
629 3460 914 3514 ravorum‚
938 3443 1278 3501 declinanda
1302 3449 1434 3500 sunt

261 3515 595 3571 conventicu
619 3531 654 3571 a
703 3515 1000 3572 hominum
1039 3516 1341 3587 malorum,
1376 3520 1434 3572 et

261 3585 592 3667 fugiendum
609 3592 697 3642 est
720 3586 793 3652 ad
821 3588 1096 3669 templum
1121 3587 1310 3644 cordis
1332 3603 1434 3644 no-

263 3662 390 3725 stri,
423 3662 479 3711 et
519 3662 758 3722 internae
802 3657 1098 3726 orationis,
1129 3658 1188 3713 id
1229 3662 1317 3714 est
1358 3658 1434 3715 ad

264 3731 546 3783 secretum
563 3727 790 3782 mundae
810 3726 1194 3796 conscientiae,
1215 3733 1279 3784 ut
1298 3744 1432 3785 nos·

264 3797 539 3869 metipsos
563 3797 834 3868 templum
871 3796 969 3853 Dei
993 3798 1321 3854 studeamus
1350 3801 1435 3855 sa-

264 3884 415 3936 cere,
439 3884 582 3939 quos
605 3869 752 3924 Deus
774 3868 1041 3937 invisere,
1064 3873 1122 3924 et
1146 3867 1207 3924 in
1233 3869 1436 3940 quibus

266 3954 503 3995 manere
532 3938 818 4010 dignetur.

343 4033 405 4066 ιο
470 4010 583 4067 Cim
634 4027 1013 4067 remeunosms
1093 4029 1173 4067 sn·
1236 4029 1438 4068 necim-

263 4082 440 4138 vsnn?
472 4113 543 4122 —
570 4085 643 4138 Et
671 4083 823 4137 dimit
851 4084 961 4152 illi,
995 4080 1280 4140 instruens
1305 4100 1435 4140 eum

263 4153 336 4210 ad
376 4152 656 4210 cautelam
695 4155 1016 4209 futurorum
1050 4170 1063 4208 ε
1094 4157 1230 4210 Ecce
1265 4172 1436 4212 sanus

259 4228 448 4293 sactus
479 4240 555 4290 es,
588 4223 688 4280 Dei
716 4224 1025 4292 beneficio;
1053 4225 1178 4294 jam
1206 4230 1342 4295 noli,
1376 4226 1436 4283 id

264 4302 494 4352 estnon
528 4295 690 4365 velis,
714 4312 956 4367 peccare,
980 4296 1052 4352 de
1095 4302 1305 4367 cetero,
1328 4299 1437 4354 boc

267 4374 371 4436 est,
424 4368 571 4425 habe
625 4368 976 4425 voluntatem
1026 4368 1252 4426 firmam
1320 4386 1433 4426 non

1544 508 1842 601 peccandi,
1874 528 2006 599 quia
2069 543 2239 584 omne
2294 531 2586 599 peccatum
2640 542 2705 582 ex

1545 600 1855 667 voluntate,
1893 602 2038 655 sicut
2075 616 2142 655 ex
2178 599 2391 667 radice,
2429 597 2704 670 procedit.

1548 671 1786 740 Deinde,
1816 671 1974 751 ponit
2004 674 2060 725 et
2092 670 2337 726 ostendit
2366 686 2533 742 quam
2567 668 2710 739 peri·

1510 743 1745 799 ,culosa
1795 748 1867 798 sit
1921 740 2248 797 recidivatio
2299 742 2354 796 in
2392 747 2706 812 peccatum,

1547 814 1742 870 dicens
1772 833 1789 869 ε
1818 815 1900 871 Ne
1923 814 2161 868 deterius
2189 813 2293 867 tibi
2326 814 2545 882 aliquid
2583 830 2708 867 con·

1549 888 1752 954 tinqat,
1781 884 1869 940 vel
1901 883 2012 953 hic,
2037 884 2125 939 vel
2155 882 2217 939 in
2249 883 2456 950 futuro,
2489 882 2624 954 quia
2651 882 2711 937 in

1548 956 1896 1012 recidivante
1950 954 2255 1011 novissima
2316 955 2463 1010 fiunt
2517 953 2714 1024 pejora

1546 1026 1852 1099 prioribus,
1898 1028 1964 1081 Et
1999 1025 2147 1082 istud
2192 1025 2500 1107 periculum
2535 1030 2716 1080 atten-

1549 1098 1703 1154 ditur
1726 1114 1791 1153 ex
1815 1096 2091 1178 pluribus
2117 1100 2304 1153 Primo
2326 1112 2391 1153 ex
2410 1101 2570 1167 parte
2592 1093 2713 1163 Dei,

1550 1169 1688 1241 quia
1716 1169 2033 1224 recidivans
2061 1170 2310 1240 graviter
2336 1172 2551 1239 peccat,
2579 1182 2718 1237 pro-

1549 1238 2177 1312 pteringratitudinem;
2197 1238 2393 1296 etideo
2409 1255 2443 1294 a
2459 1240 2574 1294 Deo
2593 1252 2718 1308 gra-

1549 1311 1674 1367 vius
1710 1310 1960 1382 punitur.
2002 1310 2259 1367 Secundo
2302 1308 2614 1366 attenditur
2651 1323 2717 1363 ex

1549 1386 1712 1454 parte
1729 1380 1960 1446 diaboli,
1982 1380 2113 1452 quia
2129 1381 2271 1437 sicut
2289 1380 2453 1437 miles
2470 1383 2717 1436 castrum

1552 1453 1704 1525 quod
1751 1452 1925 1508 semel
1967 1452 2233 1521 perdidit,
2264 1452 2312 1508 si
2351 1457 2545 1523 postea
2580 1449 2718 1505 illud

1550 1529 1870 1596 recuperat,
1910 1523 2111 1580 fortius
2150 1524 2353 1591 munit,
2399 1528 2457 1579 et
2498 1521 2718 1578 cautius

1551 1594 1828 1662 custodit3
1861 1593 1942 1650 sic
1991 1594 2250 1652 diabolus
2297 1594 2499 1650 fortius
2538 1592 2720 1649 munit

1551 1666 1978 1733 recidivantem,
2029 1666 2163 1737 quia
2217 1671 2432 1738 septem
2489 1663 2718 1737 spiritus

1551 1736 1854 1808 nequiores
1892 1752 1953 1793 se
1997 1737 2076 1792 ibi
2125 1737 2301 1809 ponit,
2334 1742 2391 1793 et
2422 1736 2492 1792 ad
2527 1733 2718 1792 omnia

1553 1813 1771 1880 septem
1805 1812 2037 1879 peccata
2069 1809 2333 1864 mortalia
2371 1807 2557 1880 ipsum
2602 1810 2718 1862 tra-

1553 1880 1656 1937 bit.
1688 1879 1878 1935 Tertio
1908 1879 2219 1935 attenditur
2250 1896 2317 1936 ex
2344 1884 2504 1951 parte
2536 1875 2718 1933 homi-

1552 1950 1662 2013 nis,
1692 1949 1825 2021 quia
1852 1950 2168 2007 recidivans
2195 1950 2413 2007 facilius
2438 1954 2639 2022 postea
2664 1950 2718 2002 in
2759 2010 2762 2011 ⁷

1551 2026 1846 2094 peccatum
1866 2021 2015 2078 cadit
2036 2038 2049 2076 z
2063 2023 2183 2093 jam
2197 2022 2369 2090 enim,
2389 2038 2454 2077 ex
2473 2020 2719 2092 quadam

1553 2092 1705 2149 mala
1723 2093 2151 2161 consuetudine,
2169 2109 2400 2165 peccare
2419 2108 2522 2164 pro
2542 2090 2717 2146 nihilo

1554 2165 1728 2221 ducit.
1775 2165 1841 2219 ln
1874 2163 1964 2219 his
1998 2180 2134 2234 ergo
2162 2162 2351 2220 verbis
2382 2163 2499 2219 suis
2527 2162 2720 2217 innuit

1554 2233 1851 2302 DominuS,
1872 2235 2022 2305 quod
2046 2240 2279 2306 propter
2301 2239 2532 2306 peccata
2560 2247 2721 2304 para-

1551 2302 1571 2361 I
1612 2305 1756 2361 ticus
1786 2304 2119 2375 languebat3
2153 2310 2209 2361 et
2237 2307 2387 2377 quod
2417 2303 2720 2360 infirmitas

1553 2377 1570 2432 i
1600 2377 1673 2446 la,
1695 2381 1929 2448 propter
1946 2380 2198 2448 peccata,
2213 2377 2261 2434 ei
2281 2376 2494 2433 inflicta
2514 2376 2716 2431 fuerat.

1554 2448 1714 2506 Unde
1754 2450 2163 2519 chrysostomus
2195 2468 2212 2504 :
2242 2471 2270 2501 «
2304 2447 2408 2505 Ubi
2451 2446 2722 2504 discimus

1556 2521 1712 2591 quod
1765 2536 1832 2577 ex
1893 2526 2137 2592 peccatis
2191 2521 2244 2578 ei
2291 2526 2426 2577 nata
2473 2524 2558 2576 est
2599 2519 2723 2573 haec

1557 2591 1855 2662 aegritudo.
1889 2593 2032 2660 Quia
2074 2591 2226 2648 enim
2276 2591 2485 2662 saepius
2531 2589 2722 2645 anima

1555 2663 1616 2719 in
1638 2661 1805 2719 nobis
1829 2666 2165 2734 aegrotante,
2188 2661 2596 2718 insensibiliter
2615 2675 2720 2715 nos

1556 2735 1866 2802 habemus3
1899 2749 2104 2806 corpus
2146 2737 2360 2801 autem,
2388 2732 2436 2788 si
2526 2745 2720 2788 arvam

1557 2804 1873 2876 susceperit
1927 2805 2240 2873 laesionem,
2279 2819 2446 2861 omne
2505 2802 2720 2859 acimus

1557 2876 1832 2944 studium,
1886 2881 1950 2933 ut
1993 2878 2076 2933 ab
2132 2875 2461 2932 infirmitate
2517 2874 2721 2929 libere-

1558 2962 1719 3015 mur3
1767 2953 2068 3019 propterea
2118 2949 2266 3003 Deus
2299 2945 2461 3017 punit
2496 2958 2721 3014 corpus,

1556 3035 1662 3146 pro
1704 3019 1796 3076 his
1837 3035 1964 3089 quae
1994 3018 2184 3074 anima
2210 3017 2466 3089 deliquit.
2507 3037 2536 3065 »
2581 3016 2722 3071 Cum

1603 3090 1650 3146 is
1699 3095 1756 3148 et
1808 3087 1948 3145 illud
1991 3088 2283 3157 discimus,
2328 3087 2480 3159 quod
2514 3085 2561 3142 si
2592 3100 2722 3156 gra-

1560 3177 1688 3217 vem
1730 3163 2106 3216 sustineamus
2139 3175 2369 3232 poenam
2407 3175 2510 3231 pro
2566 3155 2723 3228 prio-

1559 3231 1719 3289 ribus
1763 3232 2026 3303 peccatis,
2072 3248 2138 3288 ac
2176 3230 2382 3288 deinde
2419 3231 2478 3287 in
2525 3229 2725 3286 eadem

1558 3303 1946 3371 inciderimuS,
1992 3301 2254 3374 graviora
2303 3303 2625 3375 patiemur3
2672 3303 2728 3356 et

1558 3376 1668 3431 hoc
1713 3375 2004 3444 decenter,
2032 3375 2127 3446 qui
2175 3376 2328 3430 enim
2365 3389 2548 3447 neque
2592 3387 2726 3444 sup-

1560 3446 1726 3515 plicio
1778 3446 1958 3502 factus
2003 3451 2089 3503 est
2135 3445 2369 3515 melior,
2427 3452 2489 3504 'ut
2537 3445 2727 3500 insen-

1560 3516 1740 3573 sibilis
1804 3518 1873 3573 de
1932 3519 2148 3591 reliquo
2210 3526 2267 3575 et
2333 3521 2689 3587 contemptor
2711 3554 2727 3581 ,

1560 3588 1635 3644 ad
1662 3588 1845 3660 majus
1875 3589 2114 3648 ducetur
2138 3594 2507 3648 tormentum.
2541 3588 2597 3643 Si
2627 3602 2726 3642 au-

1559 3664 1677 3715 tem
1704 3661 1797 3716 hic
1831 3677 1948 3717 non
1976 3677 2174 3718 omnes
2203 3676 2304 3732 pro
2335 3658 2580 3730 peccatis
2611 3663 2728 3712 tor-

1562 3735 1832 3802 quentur,
1854 3747 1968 3788 non
1993 3732 2372 3799 confidamus3
2405 3728 2546 3785 nihil
2575 3726 2729 3783 enim

1561 3818 1667 3857 nos
1700 3801 1794 3856 hic
1819 3802 1933 3873 pati
1961 3818 2061 3873 pro
2086 3801 2355 3873 peccatiS‚
2387 3800 2612 3869 signum
2644 3803 2729 3853 est

1563 3871 1797 3943 majoris
1850 3872 1964 3927 illic
2011 3871 2290 3942 supplicii.
2324 3873 2536 3927 Cavere
2593 3885 2727 3941 ergo

1563 3944 1858 4011 debemuS,
1890 3959 1963 3999 ne
2009 3945 2190 3998 Deum
2247 3941 2306 3997 in
2361 3939 2545 4013 poenis
2603 3957 2732 3996 con-

1562 4013 1890 4082 temnendo,
1921 4019 2211 4084 tamquam
2233 4012 2504 4078 indurati,
2528 4011 2587 4067 in
2609 4027 2732 4083 pec-

1536 4093 1539 4094 ’
1563 4090 1692 4142 cato
1718 4100 2187 4156 permaneamus3
2223 4083 2309 4139 vel
2340 4084 2523 4141 sanati
2552 4099 2587 4139 a
2616 4086 2729 4139 Do-

1564 4156 1739 4224 mino,
1771 4160 2060 4227 tamquam
2090 4154 2322 4226 ingrati,
2352 4155 2413 4211 in
2436 4160 2729 4226 peccatum

1563 4226 1915 4293 relabamur;
1951 4243 2022 4283 ne
2074 4230 2307 4299 propter
2342 4231 2727 4298 contemptum

1563 4301 1652 4355 vel
1709 4297 2182 4369 ingratitudinem
2256 4297 2506 4355 deterius
2563 4296 2728 4354 nobis

1564 4368 1878 4441 contingat,
1911 4370 1996 4426 vel
2032 4370 2165 4442 quia
2194 4370 2507 4427 deteriores
2531 4369 2725 4428 effice-
