<?xml version="1.0" encoding="UTF-8"?>
<!DOCTYPE html PUBLIC "-//W3C//DTD XHTML 1.0 Transitional//EN"
    "http://www.w3.org/TR/xhtml1/DTD/xhtml1-transitional.dtd">
<html xmlns="http://www.w3.org/1999/xhtml" xml:lang="en" lang="en">
 <head>
  <title>
</title>
<meta http-equiv="Content-Type" content="text/html;charset=utf-8" />
  <meta name='ocr-system' content='tesseract 3.04.00' />
  <meta name='ocr-capabilities' content='ocr_page ocr_carea ocr_par ocr_line ocrx_word'/>
</head>
<body>
  <div class='ocr_page' id='page_1' title='image "./vitajesuchristi02rigogoog_0025.png"; bbox 0 0 3146 5023; ppageno 0'>
   <div class='ocr_carea' id='block_1_1' title="bbox 500 352 2732 412">
    <p class='ocr_par' dir='ltr' id='par_1_1' title="bbox 500 352 2732 412">
     <span class='ocr_line' id='line_1_1' title="bbox 500 352 2732 412; baseline 0.001 -5"><span class='ocrx_word' id='word_1_1' title='bbox 500 355 661 407; x_wconf 84' lang='lat' dir='ltr'><strong>DOM.</strong></span> <span class='ocrx_word' id='word_1_2' title='bbox 718 352 1094 406; x_wconf 80' lang='lat' dir='ltr'><strong>EXCITATUS</strong></span> <span class='ocrx_word' id='word_1_3' title='bbox 1146 355 1182 407; x_wconf 75' lang='lat' dir='ltr'>A</span> <span class='ocrx_word' id='word_1_4' title='bbox 1237 353 1456 407; x_wconf 75' lang='lat' dir='ltr'><strong>SOMNO</strong></span> <span class='ocrx_word' id='word_1_5' title='bbox 1509 354 1812 410; x_wconf 80' lang='lat' dir='ltr'>IMPERAT</span> <span class='ocrx_word' id='word_1_6' title='bbox 1867 355 2112 409; x_wconf 82' lang='lat' dir='ltr'>VENTIS</span> <span class='ocrx_word' id='word_1_7' title='bbox 2167 356 2244 409; x_wconf 84' lang='lat' dir='ltr'><strong>ET</strong></span> <span class='ocrx_word' id='word_1_8' title='bbox 2299 357 2493 412; x_wconf 65' lang='lat' dir='ltr'><strong>MARI.</strong></span> <span class='ocrx_word' id='word_1_9' title='bbox 2684 364 2732 409; x_wconf 81' lang='lat'><strong>15</strong></span> 
     </span>
    </p>
   </div>
   <div class='ocr_carea' id='block_1_2' title="bbox 251 462 1442 746">
    <p class='ocr_par' dir='ltr' id='par_1_2' title="bbox 251 462 1442 746">
     <span class='ocr_line' id='line_1_2' title="bbox 258 462 1440 533; baseline -0.001 -12"><span class='ocrx_word' id='word_1_10' title='bbox 258 464 458 521; x_wconf 89' lang='lat' dir='ltr'><strong>omnia</strong></span> <span class='ocrx_word' id='word_1_11' title='bbox 495 478 671 533; x_wconf 87' lang='lat' dir='ltr'><strong>opera</strong></span> <span class='ocrx_word' id='word_1_12' title='bbox 700 463 826 533; x_wconf 77' lang='lat' dir='ltr'><strong>eJus</strong></span> <span class='ocrx_word' id='word_1_13' title='bbox 861 462 1302 519; x_wconf 78' lang='lat' dir='ltr'><strong>amaritudinem</strong></span> <span class='ocrx_word' id='word_1_14' title='bbox 1341 465 1440 520; x_wconf 89' lang='lat' dir='ltr'><strong>ha·</strong></span> 
     </span>
     <span class='ocr_line' id='line_1_3' title="bbox 253 534 1442 592; baseline -0.002 0"><span class='ocrx_word' id='word_1_15' title='bbox 253 536 396 592; x_wconf 86' lang='lat' dir='ltr'><strong>bent</strong></span> <span class='ocrx_word' id='word_1_16' title='bbox 445 550 747 592; x_wconf 83' lang='lat' dir='ltr'><strong>annexam.</strong></span> <span class='ocrx_word' id='word_1_17' title='bbox 796 535 861 589; x_wconf 92' lang='lat' dir='ltr'><strong>ln</strong></span> <span class='ocrx_word' id='word_1_18' title='bbox 908 534 1055 589; x_wconf 91' lang='lat' dir='ltr'><strong>hanc</strong></span> <span class='ocrx_word' id='word_1_19' title='bbox 1118 534 1442 590; x_wconf 86' lang='lat' dir='ltr'><strong>naviculam</strong></span> 
     </span>
     <span class='ocr_line' id='line_1_4' title="bbox 252 605 1437 677; baseline -0.002 -14"><span class='ocrx_word' id='word_1_20' title='bbox 252 607 515 663; x_wconf 88' lang='lat' dir='ltr'><strong>Christus</strong></span> <span class='ocrx_word' id='word_1_21' title='bbox 545 605 825 672; x_wconf 76' lang='lat' dir='ltr'><strong>ascendit,</strong></span> <span class='ocrx_word' id='word_1_22' title='bbox 863 620 990 660; x_wconf 93' lang='lat' dir='ltr'><strong>cum</strong></span> <span class='ocrx_word' id='word_1_23' title='bbox 1023 620 1148 661; x_wconf 91' lang='lat' dir='ltr'><strong>eam</strong></span> <span class='ocrx_word' id='word_1_24' title='bbox 1175 621 1277 675; x_wconf 85' lang='lat' dir='ltr'><strong>per</strong></span> <span class='ocrx_word' id='word_1_25' title='bbox 1304 621 1437 677; x_wconf 90' lang='lat' dir='ltr'><strong>gra·</strong></span> 
     </span>
     <span class='ocr_line' id='line_1_5' title="bbox 251 677 1441 746; baseline 0 -13"><span class='ocrx_word' id='word_1_26' title='bbox 251 680 388 734; x_wconf 88' lang='lat' dir='ltr'><strong>tiam</strong></span> <span class='ocrx_word' id='word_1_27' title='bbox 418 678 722 734; x_wconf 84' lang='lat' dir='ltr'><strong>inhabitat.</strong></span> <span class='ocrx_word' id='word_1_28' title='bbox 752 677 1081 746; x_wconf 90' lang='lat' dir='ltr'><strong>Sequuntur</strong></span> <span class='ocrx_word' id='word_1_29' title='bbox 1098 681 1287 732; x_wconf 89' lang='lat' dir='ltr'><strong>autem</strong></span> <span class='ocrx_word' id='word_1_30' title='bbox 1309 692 1441 733; x_wconf 87' lang='lat' dir='ltr'><strong>eum</strong></span> 
     </span>
    </p>
   </div>
   <div class='ocr_carea' id='block_1_3' title="bbox 248 746 1445 891">
    <p class='ocr_par' dir='ltr' id='par_1_3' title="bbox 248 746 1445 891">
     <span class='ocr_line' id='line_1_6' title="bbox 250 746 1445 821; baseline -0.003 -16"><span class='ocrx_word' id='word_1_31' title='bbox 250 749 543 821; x_wconf 88' lang='lat' dir='ltr'><strong>discipuli,</strong></span> <span class='ocrx_word' id='word_1_32' title='bbox 577 746 636 802; x_wconf 93' lang='lat' dir='ltr'><strong>id</strong></span> <span class='ocrx_word' id='word_1_33' title='bbox 670 752 758 803; x_wconf 90' lang='lat' dir='ltr'><strong>est</strong></span> <span class='ocrx_word' id='word_1_34' title='bbox 785 747 1024 819; x_wconf 82' lang='lat' dir='ltr'><strong>virtutes</strong></span> <span class='ocrx_word' id='word_1_35' title='bbox 1066 752 1181 802; x_wconf 88' lang='lat' dir='ltr'><strong>tres</strong></span> <span class='ocrx_word' id='word_1_36' title='bbox 1230 747 1445 803; x_wconf 87' lang='lat' dir='ltr'><strong>theolo-</strong></span> 
     </span>
     <span class='ocr_line' id='line_1_7' title="bbox 248 818 1444 891; baseline 0 -17"><span class='ocrx_word' id='word_1_37' title='bbox 248 820 417 891; x_wconf 84' lang='lat' dir='ltr'><strong>gicae,</strong></span> <span class='ocrx_word' id='word_1_38' title='bbox 469 825 531 879; x_wconf 87' lang='lat' dir='ltr'><strong>et</strong></span> <span class='ocrx_word' id='word_1_39' title='bbox 584 822 833 886; x_wconf 82' lang='lat' dir='ltr'><strong>quatuor</strong></span> <span class='ocrx_word' id='word_1_40' title='bbox 869 818 1205 885; x_wconf 80' lang='lat' dir='ltr'><strong>cardinaleS,</strong></span> <span class='ocrx_word' id='word_1_41' title='bbox 1260 821 1317 873; x_wconf 89' lang='lat' dir='ltr'><strong>et</strong></span> <span class='ocrx_word' id='word_1_42' title='bbox 1362 834 1444 874; x_wconf 91' lang='lat' dir='ltr'><strong>se·</strong></span> 
     </span>
    </p>
   </div>
   <div class='ocr_carea' id='block_1_4' title="bbox 236 888 1440 3019">
    <p class='ocr_par' dir='ltr' id='par_1_4' title="bbox 236 888 1440 3019">
     <span class='ocr_line' id='line_1_8' title="bbox 247 888 1439 962; baseline 0 -17"><span class='ocrx_word' id='word_1_43' title='bbox 247 896 403 962; x_wconf 90' lang='lat' dir='ltr'><strong>ptem</strong></span> <span class='ocrx_word' id='word_1_44' title='bbox 428 891 584 947; x_wconf 89' lang='lat' dir='ltr'><strong>dona</strong></span> <span class='ocrx_word' id='word_1_45' title='bbox 601 889 846 959; x_wconf 81' lang='lat' dir='ltr'><strong>Spiritus</strong></span> <span class='ocrx_word' id='word_1_46' title='bbox 872 889 1086 944; x_wconf 82' lang='lat' dir='ltr'><strong>Sancti.</strong></span> <span class='ocrx_word' id='word_1_47' title='bbox 1109 888 1249 944; x_wconf 87' lang='lat' dir='ltr'><strong>Ecce</strong></span> <span class='ocrx_word' id='word_1_48' title='bbox 1269 904 1439 961; x_wconf 88' lang='lat' dir='ltr'><strong>quam</strong></span> 
     </span>
     <span class='ocr_line' id='line_1_9' title="bbox 250 958 1439 1032; baseline -0.001 -15"><span class='ocrx_word' id='word_1_49' title='bbox 250 962 500 1032; x_wconf 91' lang='lat' dir='ltr'><strong>pulchra</strong></span> <span class='ocrx_word' id='word_1_50' title='bbox 539 960 746 1017; x_wconf 76' lang='lat' dir='ltr'><strong>Christi</strong></span> <span class='ocrx_word' id='word_1_51' title='bbox 799 958 1085 1029; x_wconf 84' lang='lat' dir='ltr'><strong>comitiva,</strong></span> <span class='ocrx_word' id='word_1_52' title='bbox 1141 975 1269 1029; x_wconf 84' lang='lat' dir='ltr'><strong>quae</strong></span> <span class='ocrx_word' id='word_1_53' title='bbox 1311 977 1439 1017; x_wconf 93' lang='lat' dir='ltr'><strong>eum</strong></span> 
     </span>
     <span class='ocr_line' id='line_1_10' title="bbox 244 1030 1440 1104; baseline -0.001 -16"><span class='ocrx_word' id='word_1_54' title='bbox 244 1048 479 1104; x_wconf 81' lang='lat' dir='ltr'><strong>semper.</strong></span> <span class='ocrx_word' id='word_1_55' title='bbox 512 1030 918 1099; x_wconf 81' lang='lat' dir='ltr'><strong>comitabatur,</strong></span> <span class='ocrx_word' id='word_1_56' title='bbox 946 1037 1003 1086; x_wconf 88' lang='lat' dir='ltr'><strong>ct</strong></span> <span class='ocrx_word' id='word_1_57' title='bbox 1027 1031 1280 1101; x_wconf 90' lang='lat' dir='ltr'><strong>quotidie</strong></span> <span class='ocrx_word' id='word_1_58' title='bbox 1311 1047 1440 1087; x_wconf 90' lang='lat' dir='ltr'><strong>cum</strong></span> 
     </span>
     <span class='ocr_line' id='line_1_11' title="bbox 245 1102 1439 1164; baseline -0.001 -6"><span class='ocrx_word' id='word_1_59' title='bbox 245 1103 306 1158; x_wconf 90' lang='lat' dir='ltr'><strong>in</strong></span> <span class='ocrx_word' id='word_1_60' title='bbox 335 1104 597 1159; x_wconf 90' lang='lat' dir='ltr'><strong>animam</strong></span> <span class='ocrx_word' id='word_1_61' title='bbox 624 1102 852 1157; x_wconf 85' lang='lat' dir='ltr'><strong>fidelem</strong></span> <span class='ocrx_word' id='word_1_62' title='bbox 880 1102 1223 1164; x_wconf 83' lang='lat' dir='ltr'><strong>ascenderit.</strong></span> <span class='ocrx_word' id='word_1_63' title='bbox 1263 1103 1439 1159; x_wconf 89' lang='lat' dir='ltr'><strong>comi-</strong></span> 
     </span>
     <span class='ocr_line' id='line_1_12' title="bbox 244 1171 1439 1231; baseline 0.001 -2"><span class='ocrx_word' id='word_1_64' title='bbox 244 1179 429 1231; x_wconf 82' lang='lat' dir='ltr'><strong>tatur.</strong></span> <span class='ocrx_word' id='word_1_65' title='bbox 479 1174 593 1230; x_wconf 91' lang='lat' dir='ltr'><strong>Sed</strong></span> <span class='ocrx_word' id='word_1_66' title='bbox 634 1178 692 1228; x_wconf 89' lang='lat' dir='ltr'><strong>et</strong></span> <span class='ocrx_word' id='word_1_67' title='bbox 731 1173 880 1228; x_wconf 83' lang='lat' dir='ltr'><strong>hanc</strong></span> <span class='ocrx_word' id='word_1_68' title='bbox 917 1171 1237 1228; x_wconf 89' lang='lat' dir='ltr'><strong>naviculam</strong></span> <span class='ocrx_word' id='word_1_69' title='bbox 1276 1189 1439 1230; x_wconf 91' lang='lat' dir='ltr'><strong>com-</strong></span> 
     </span>
     <span class='ocr_line' id='line_1_13' title="bbox 247 1242 1437 1310; baseline 0 -10"><span class='ocrx_word' id='word_1_70' title='bbox 247 1249 491 1300; x_wconf 88' lang='lat' dir='ltr'><strong>movent</strong></span> <span class='ocrx_word' id='word_1_71' title='bbox 520 1245 675 1300; x_wconf 82' lang='lat' dir='ltr'><strong>venti</strong></span> <span class='ocrx_word' id='word_1_72' title='bbox 699 1242 1102 1310; x_wconf 85' lang='lat' dir='ltr'><strong>tentationum,</strong></span> <span class='ocrx_word' id='word_1_73' title='bbox 1139 1243 1196 1299; x_wconf 92' lang='lat' dir='ltr'><strong>id</strong></span> <span class='ocrx_word' id='word_1_74' title='bbox 1226 1249 1311 1300; x_wconf 87' lang='lat' dir='ltr'><strong>est</strong></span> <span class='ocrx_word' id='word_1_75' title='bbox 1338 1262 1437 1301; x_wconf 87' lang='lat' dir='ltr'><strong>ex·</strong></span> 
     </span>
     <span class='ocr_line' id='line_1_14' title="bbox 247 1314 1439 1384; baseline -0.002 -11"><span class='ocrx_word' id='word_1_76' title='bbox 247 1317 500 1374; x_wconf 82' lang='lat' dir='ltr'><strong>teriores</strong></span> <span class='ocrx_word' id='word_1_77' title='bbox 553 1315 876 1371; x_wconf 89' lang='lat' dir='ltr'><strong>daemonum</strong></span> <span class='ocrx_word' id='word_1_78' title='bbox 932 1314 1320 1384; x_wconf 78' lang='lat' dir='ltr'><strong>impulsioneS,</strong></span> <span class='ocrx_word' id='word_1_79' title='bbox 1382 1321 1439 1372; x_wconf 93' lang='lat' dir='ltr'><strong>et</strong></span> 
     </span>
     <span class='ocr_line' id='line_1_15' title="bbox 244 1385 1440 1457; baseline -0.002 -13"><span class='ocrx_word' id='word_1_80' title='bbox 244 1389 429 1444; x_wconf 84' lang='lat' dir='ltr'><strong>undae</strong></span> <span class='ocrx_word' id='word_1_81' title='bbox 456 1403 561 1443; x_wconf 90' lang='lat' dir='ltr'><strong>seu</strong></span> <span class='ocrx_word' id='word_1_82' title='bbox 594 1385 855 1457; x_wconf 81' lang='lat' dir='ltr'><strong>procellae</strong></span> <span class='ocrx_word' id='word_1_83' title='bbox 894 1386 1240 1456; x_wconf 80' lang='lat' dir='ltr'><strong>passionum,</strong></span> <span class='ocrx_word' id='word_1_84' title='bbox 1269 1385 1328 1442; x_wconf 92' lang='lat' dir='ltr'><strong>id</strong></span> <span class='ocrx_word' id='word_1_85' title='bbox 1355 1392 1440 1443; x_wconf 90' lang='lat' dir='ltr'><strong>est</strong></span> 
     </span>
     <span class='ocr_line' id='line_1_16' title="bbox 243 1457 1439 1528; baseline 0 -14"><span class='ocrx_word' id='word_1_86' title='bbox 243 1458 565 1514; x_wconf 87' lang='lat' dir='ltr'><strong>interiores</strong></span> <span class='ocrx_word' id='word_1_87' title='bbox 610 1457 935 1512; x_wconf 82' lang='lat' dir='ltr'><strong>vexationes</strong></span> <span class='ocrx_word' id='word_1_88' title='bbox 981 1457 1267 1523; x_wconf 64' lang='lat' dir='ltr'><strong>carnales·</strong></span> <span class='ocrx_word' id='word_1_89' title='bbox 1310 1473 1439 1528; x_wconf 78' lang='lat' dir='ltr'><strong>quae</strong></span> 
     </span>
     <span class='ocr_line' id='line_1_17' title="bbox 243 1528 1437 1600; baseline -0.001 -15"><span class='ocrx_word' id='word_1_90' title='bbox 243 1529 596 1600; x_wconf 83' lang='lat' dir='ltr'><strong>frequenter</strong></span> <span class='ocrx_word' id='word_1_91' title='bbox 625 1528 930 1599; x_wconf 88' lang='lat' dir='ltr'><strong>insurgunt</strong></span> <span class='ocrx_word' id='word_1_92' title='bbox 972 1528 1063 1598; x_wconf 88' lang='lat' dir='ltr'><strong>pie</strong></span> <span class='ocrx_word' id='word_1_93' title='bbox 1109 1529 1168 1583; x_wconf 91' lang='lat' dir='ltr'><strong>in</strong></span> <span class='ocrx_word' id='word_1_94' title='bbox 1217 1529 1437 1585; x_wconf 88' lang='lat' dir='ltr'><strong>Christo</strong></span> 
     </span>
     <span class='ocr_line' id='line_1_18' title="bbox 244 1600 1439 1681; baseline 0.001 -28"><span class='ocrx_word' id='word_1_95' title='bbox 244 1600 580 1656; x_wconf 80' lang='lat' dir='ltr'><strong>viventibus</strong></span> <span class='ocrx_word' id='word_1_96' title='bbox 604 1616 618 1667; x_wconf 93' lang='grc'><strong>;</strong></span> <span class='ocrx_word' id='word_1_97' title='bbox 653 1605 708 1654; x_wconf 89' lang='lat' dir='ltr'><strong>et</strong></span> <span class='ocrx_word' id='word_1_98' title='bbox 739 1614 1174 1671; x_wconf 72' lang='lat' dir='ltr'><strong>nonnumquam</strong></span> <span class='ocrx_word' id='word_1_99' title='bbox 1200 1604 1284 1655; x_wconf 91' lang='lat' dir='ltr'><strong>est</strong></span> <span class='ocrx_word' id='word_1_100' title='bbox 1312 1605 1439 1681; x_wconf 71' lang='lat' dir='ltr'><strong>tan-</strong></span> 
     </span>
     <span class='ocr_line' id='line_1_19' title="bbox 246 1670 1440 1740; baseline 0 -13"><span class='ocrx_word' id='word_1_101' title='bbox 246 1677 341 1728; x_wconf 89' lang='lat' dir='ltr'><strong>tus</strong></span> <span class='ocrx_word' id='word_1_102' title='bbox 370 1672 756 1727; x_wconf 86' lang='lat' dir='ltr'><strong>tentationum</strong></span> <span class='ocrx_word' id='word_1_103' title='bbox 781 1670 1044 1740; x_wconf 91' lang='lat' dir='ltr'><strong>impetus,</strong></span> <span class='ocrx_word' id='word_1_104' title='bbox 1067 1670 1219 1739; x_wconf 91' lang='lat' dir='ltr'><strong>quod</strong></span> <span class='ocrx_word' id='word_1_105' title='bbox 1248 1686 1440 1727; x_wconf 86' lang='lat' dir='ltr'><strong>amma</strong></span> 
     </span>
     <span class='ocr_line' id='line_1_20' title="bbox 244 1740 1440 1813; baseline 0.001 -16"><span class='ocrx_word' id='word_1_106' title='bbox 244 1743 413 1813; x_wconf 85' lang='lat' dir='ltr'><strong>quasi</strong></span> <span class='ocrx_word' id='word_1_107' title='bbox 456 1743 750 1812; x_wconf 88' lang='lat' dir='ltr'><strong>operiatur</strong></span> <span class='ocrx_word' id='word_1_108' title='bbox 790 1740 1077 1805; x_wconf 79' lang='lat' dir='ltr'><strong>fluctibuS,</strong></span> <span class='ocrx_word' id='word_1_109' title='bbox 1122 1757 1188 1796; x_wconf 89' lang='lat' dir='ltr'><strong>ex</strong></span> <span class='ocrx_word' id='word_1_110' title='bbox 1233 1742 1440 1813; x_wconf 90' lang='lat' dir='ltr'><strong>quibus</strong></span> 
     </span>
     <span class='ocr_line' id='line_1_21' title="bbox 242 1810 1434 1882; baseline -0.001 -13"><span class='ocrx_word' id='word_1_111' title='bbox 242 1814 575 1869; x_wconf 85' lang='lat' dir='ltr'><strong>timendum</strong></span> <span class='ocrx_word' id='word_1_112' title='bbox 619 1816 703 1868; x_wconf 90' lang='lat' dir='ltr'><strong>est</strong></span> <span class='ocrx_word' id='word_1_113' title='bbox 746 1810 986 1867; x_wconf 87' lang='lat' dir='ltr'><strong>virtutes</strong></span> <span class='ocrx_word' id='word_1_114' title='bbox 1014 1817 1070 1867; x_wconf 89' lang='lat' dir='ltr'><strong>et</strong></span> <span class='ocrx_word' id='word_1_115' title='bbox 1100 1811 1249 1867; x_wconf 91' lang='lat' dir='ltr'><strong>dona</strong></span> <span class='ocrx_word' id='word_1_116' title='bbox 1283 1813 1434 1882; x_wconf 90' lang='lat' dir='ltr'><strong>peri·</strong></span> 
     </span>
     <span class='ocr_line' id='line_1_22' title="bbox 239 1882 1436 1952; baseline -0.002 -11"><span class='ocrx_word' id='word_1_117' title='bbox 239 1883 439 1941; x_wconf 89' lang='lat' dir='ltr'><strong>clitari</strong></span> <span class='ocrx_word' id='word_1_118' title='bbox 469 1884 529 1939; x_wconf 91' lang='lat' dir='ltr'><strong>in</strong></span> <span class='ocrx_word' id='word_1_119' title='bbox 555 1899 654 1952; x_wconf 83' lang='lat' dir='ltr'><strong>ea3</strong></span> <span class='ocrx_word' id='word_1_120' title='bbox 695 1883 795 1938; x_wconf 89' lang='lat' dir='ltr'><strong>sed</strong></span> <span class='ocrx_word' id='word_1_121' title='bbox 828 1882 1082 1938; x_wconf 90' lang='lat' dir='ltr'><strong>Christus</strong></span> <span class='ocrx_word' id='word_1_122' title='bbox 1112 1882 1173 1938; x_wconf 91' lang='lat' dir='ltr'><strong>in</strong></span> <span class='ocrx_word' id='word_1_123' title='bbox 1204 1898 1272 1939; x_wconf 89' lang='lat' dir='ltr'><strong>ea</strong></span> <span class='ocrx_word' id='word_1_124' title='bbox 1304 1883 1436 1940; x_wconf 92' lang='lat' dir='ltr'><strong>dor-</strong></span> 
     </span>
     <span class='ocr_line' id='line_1_23' title="bbox 239 1952 1437 2024; baseline -0.001 -13"><span class='ocrx_word' id='word_1_125' title='bbox 239 1956 375 2024; x_wconf 91' lang='lat' dir='ltr'><strong>mit,</strong></span> <span class='ocrx_word' id='word_1_126' title='bbox 427 1970 559 2011; x_wconf 90' lang='lat' dir='ltr'><strong>cum</strong></span> <span class='ocrx_word' id='word_1_127' title='bbox 607 1952 746 2010; x_wconf 88' lang='lat' dir='ltr'><strong>talia</strong></span> <span class='ocrx_word' id='word_1_128' title='bbox 797 1953 1093 2022; x_wconf 86' lang='lat' dir='ltr'><strong>permittit,</strong></span> <span class='ocrx_word' id='word_1_129' title='bbox 1155 1970 1221 2009; x_wconf 91' lang='lat' dir='ltr'><strong>eo</strong></span> <span class='ocrx_word' id='word_1_130' title='bbox 1284 1955 1437 2024; x_wconf 91' lang='lat' dir='ltr'><strong>quod</strong></span> 
     </span>
     <span class='ocr_line' id='line_1_24' title="bbox 239 2024 1436 2096; baseline -0.002 -14"><span class='ocrx_word' id='word_1_131' title='bbox 239 2040 462 2082; x_wconf 91' lang='lat' dir='ltr'><strong>somno</strong></span> <span class='ocrx_word' id='word_1_132' title='bbox 510 2029 704 2081; x_wconf 86' lang='lat' dir='ltr'><strong>nostro</strong></span> <span class='ocrx_word' id='word_1_133' title='bbox 742 2024 1109 2095; x_wconf 91' lang='lat' dir='ltr'><strong>consopiatur</strong></span> <span class='ocrx_word' id='word_1_134' title='bbox 1152 2024 1214 2079; x_wconf 91' lang='lat' dir='ltr'><strong>in</strong></span> <span class='ocrx_word' id='word_1_135' title='bbox 1249 2025 1436 2096; x_wconf 79' lang='lat' dir='ltr'><strong>nobiS,</strong></span> 
     </span>
     <span class='ocr_line' id='line_1_25' title="bbox 238 2095 1434 2167; baseline -0.003 -13"><span class='ocrx_word' id='word_1_136' title='bbox 238 2098 328 2154; x_wconf 91' lang='lat' dir='ltr'><strong>ita</strong></span> <span class='ocrx_word' id='word_1_137' title='bbox 384 2096 543 2167; x_wconf 92' lang='lat' dir='ltr'><strong>quod</strong></span> <span class='ocrx_word' id='word_1_138' title='bbox 598 2095 825 2151; x_wconf 87' lang='lat' dir='ltr'><strong>videtur</strong></span> <span class='ocrx_word' id='word_1_139' title='bbox 871 2111 977 2152; x_wconf 92' lang='lat' dir='ltr'><strong>nos</strong></span> <span class='ocrx_word' id='word_1_140' title='bbox 1021 2095 1434 2166; x_wconf 88' lang='lat' dir='ltr'><strong>dereliquisse;</strong></span> 
     </span>
     <span class='ocr_line' id='line_1_26' title="bbox 236 2165 1432 2245; baseline -0.003 -21"><span class='ocrx_word' id='word_1_141' title='bbox 236 2168 350 2225; x_wconf 87' lang='lat' dir='ltr'><strong>sed</strong></span> <span class='ocrx_word' id='word_1_142' title='bbox 402 2183 520 2223; x_wconf 90' lang='lat' dir='ltr'><strong>non</strong></span> <span class='ocrx_word' id='word_1_143' title='bbox 561 2171 647 2223; x_wconf 87' lang='lat' dir='ltr'><strong>est</strong></span> <span class='ocrx_word' id='word_1_144' title='bbox 690 2167 790 2232; x_wconf 88' lang='lat' dir='ltr'><strong>ita,</strong></span> <span class='ocrx_word' id='word_1_145' title='bbox 840 2165 954 2222; x_wconf 94' lang='lat' dir='ltr'><strong>imo</strong></span> <span class='ocrx_word' id='word_1_146' title='bbox 998 2168 1120 2238; x_wconf 91' lang='lat' dir='ltr'><strong>ipse</strong></span> <span class='ocrx_word' id='word_1_147' title='bbox 1153 2166 1432 2245; x_wconf 71' lang='lat' dir='ltr'><strong>promisit,</strong></span> 
     </span>
     <span class='ocr_line' id='line_1_27' title="bbox 239 2238 1433 2309; baseline -0.001 -14"><span class='ocrx_word' id='word_1_148' title='bbox 239 2239 490 2296; x_wconf 86' lang='lat' dir='ltr'><strong>dicens:</strong></span> <span class='ocrx_word' id='word_1_149' title='bbox 554 2239 686 2295; x_wconf 86' lang='lat' dir='ltr'><strong>Cum</strong></span> <span class='ocrx_word' id='word_1_150' title='bbox 732 2241 853 2309; x_wconf 83' lang='lat' dir='ltr'><strong>ipso</strong></span> <span class='ocrx_word' id='word_1_151' title='bbox 910 2253 1032 2293; x_wconf 84' lang='lat' dir='ltr'><strong>sum</strong></span> <span class='ocrx_word' id='word_1_152' title='bbox 1081 2240 1143 2293; x_wconf 84' lang='lat' dir='ltr'><strong>in</strong></span> <span class='ocrx_word' id='word_1_153' title='bbox 1193 2238 1433 2294; x_wconf 79' lang='lat' dir='ltr'><strong>tribula-</strong></span> 
     </span>
     <span class='ocr_line' id='line_1_28' title="bbox 239 2308 1432 2377; baseline -0.003 -10"><span class='ocrx_word' id='word_1_154' title='bbox 239 2313 422 2377; x_wconf 81' lang='lat' dir='ltr'><strong>tione,</strong></span> <span class='ocrx_word' id='word_1_155' title='bbox 452 2313 562 2365; x_wconf 89' lang='lat' dir='ltr'><strong>etc.</strong></span> <span class='ocrx_word' id='word_1_156' title='bbox 586 2311 657 2364; x_wconf 90' lang='lat' dir='ltr'><strong>Et</strong></span> <span class='ocrx_word' id='word_1_157' title='bbox 674 2308 825 2377; x_wconf 89' lang='lat' dir='ltr'><strong>ideo,</strong></span> <span class='ocrx_word' id='word_1_158' title='bbox 855 2310 1127 2365; x_wconf 89' lang='lat' dir='ltr'><strong>redeunte</strong></span> <span class='ocrx_word' id='word_1_159' title='bbox 1149 2309 1341 2364; x_wconf 88' lang='lat' dir='ltr'><strong>anima</strong></span> <span class='ocrx_word' id='word_1_160' title='bbox 1360 2309 1432 2365; x_wconf 91' lang='lat' dir='ltr'><strong>ad</strong></span> 
     </span>
     <span class='ocr_line' id='line_1_29' title="bbox 239 2380 1435 2451; baseline -0.003 -13"><span class='ocrx_word' id='word_1_161' title='bbox 239 2396 333 2451; x_wconf 89' lang='lat' dir='ltr'><strong>se,</strong></span> <span class='ocrx_word' id='word_1_162' title='bbox 386 2381 630 2436; x_wconf 87' lang='lat' dir='ltr'><strong>virtutes</strong></span> <span class='ocrx_word' id='word_1_163' title='bbox 668 2385 726 2435; x_wconf 88' lang='lat' dir='ltr'><strong>et</strong></span> <span class='ocrx_word' id='word_1_164' title='bbox 769 2380 934 2435; x_wconf 69' lang='lat' dir='ltr'><strong>dona·</strong></span> <span class='ocrx_word' id='word_1_165' title='bbox 961 2381 1209 2436; x_wconf 87' lang='lat' dir='ltr'><strong>excitant</strong></span> <span class='ocrx_word' id='word_1_166' title='bbox 1240 2380 1435 2435; x_wconf 89' lang='lat' dir='ltr'><strong>Domi-</strong></span> 
     </span>
     <span class='ocr_line' id='line_1_30' title="bbox 239 2450 1436 2525; baseline -0.003 -16"><span class='ocrx_word' id='word_1_167' title='bbox 239 2467 421 2522; x_wconf 87' lang='lat' dir='ltr'><strong>num,</strong></span> <span class='ocrx_word' id='word_1_168' title='bbox 450 2452 828 2508; x_wconf 83' lang='lat' dir='ltr'><strong>exclamantes</strong></span> <span class='ocrx_word' id='word_1_169' title='bbox 856 2466 992 2507; x_wconf 87' lang='lat' dir='ltr'><strong>voce</strong></span> <span class='ocrx_word' id='word_1_170' title='bbox 1016 2450 1241 2525; x_wconf 85' lang='lat' dir='ltr'><strong>grandi,</strong></span> <span class='ocrx_word' id='word_1_171' title='bbox 1275 2455 1332 2505; x_wconf 89' lang='lat' dir='ltr'><strong>et</strong></span> <span class='ocrx_word' id='word_1_172' title='bbox 1357 2450 1436 2506; x_wconf 90' lang='lat' dir='ltr'><strong>di-</strong></span> 
     </span>
     <span class='ocr_line' id='line_1_31' title="bbox 239 2523 1431 2603; baseline -0.003 -22"><span class='ocrx_word' id='word_1_173' title='bbox 239 2530 481 2582; x_wconf 87' lang='lat' dir='ltr'><strong>centes:</strong></span> <span class='ocrx_word' id='word_1_174' title='bbox 513 2525 760 2591; x_wconf 83' lang='lat' dir='ltr'><strong>Domine,</strong></span> <span class='ocrx_word' id='word_1_175' title='bbox 786 2523 948 2578; x_wconf 82' lang='lat' dir='ltr'><strong>salva</strong></span> <span class='ocrx_word' id='word_1_176' title='bbox 975 2538 1074 2579; x_wconf 82' lang='lat' dir='ltr'><strong>nos</strong></span> <span class='ocrx_word' id='word_1_177' title='bbox 1099 2542 1117 2577; x_wconf 72' lang='grc' dir='ltr'><strong><em>ε</em></strong></span> <span class='ocrx_word' id='word_1_178' title='bbox 1143 2524 1431 2603; x_wconf 64' lang='grc' dir='ltr'><strong>Ρενίηιμες</strong></span> 
     </span>
     <span class='ocr_line' id='line_1_32' title="bbox 239 2593 1431 2652; baseline -0.002 0"><span class='ocrx_word' id='word_1_179' title='bbox 239 2601 394 2652; x_wconf 84' lang='lat' dir='ltr'><strong>tunc</strong></span> <span class='ocrx_word' id='word_1_180' title='bbox 437 2593 694 2652; x_wconf 88' lang='lat' dir='ltr'><strong>Christus</strong></span> <span class='ocrx_word' id='word_1_181' title='bbox 736 2608 964 2651; x_wconf 90' lang='lat' dir='ltr'><strong>omnem</strong></span> <span class='ocrx_word' id='word_1_182' title='bbox 1018 2593 1431 2650; x_wconf 80' lang='lat' dir='ltr'><strong>turbulentiam</strong></span> 
     </span>
     <span class='ocr_line' id='line_1_33' title="bbox 238 2665 1432 2746; baseline -0.003 -23"><span class='ocrx_word' id='word_1_183' title='bbox 238 2667 434 2737; x_wconf 83' lang='lat' dir='ltr'><strong>sedat,</strong></span> <span class='ocrx_word' id='word_1_184' title='bbox 492 2665 802 2721; x_wconf 87' lang='lat' dir='ltr'><strong>exteriores</strong></span> <span class='ocrx_word' id='word_1_185' title='bbox 855 2670 1051 2721; x_wconf 85' lang='lat' dir='ltr'><strong>ventos</strong></span> <span class='ocrx_word' id='word_1_186' title='bbox 1107 2665 1432 2746; x_wconf 81' lang='lat' dir='ltr'><strong>daemonum</strong></span> 
     </span>
     <span class='ocr_line' id='line_1_34' title="bbox 241 2736 1432 2809; baseline -0.005 -13"><span class='ocrx_word' id='word_1_187' title='bbox 241 2737 585 2809; x_wconf 86' lang='lat' dir='ltr'><strong>compescit,</strong></span> <span class='ocrx_word' id='word_1_188' title='bbox 616 2737 819 2792; x_wconf 80' lang='lat' dir='ltr'><strong>fluctus</strong></span> <span class='ocrx_word' id='word_1_189' title='bbox 854 2736 1044 2792; x_wconf 86' lang='lat' dir='ltr'><strong>carnis</strong></span> <span class='ocrx_word' id='word_1_190' title='bbox 1075 2742 1276 2792; x_wconf 81' lang='lat' dir='ltr'><strong>contra</strong></span> <span class='ocrx_word' id='word_1_191' title='bbox 1303 2751 1432 2792; x_wconf 84' lang='lat' dir='ltr'><strong>ani-</strong></span> 
     </span>
     <span class='ocr_line' id='line_1_35' title="bbox 239 2805 1432 2879; baseline -0.003 -13"><span class='ocrx_word' id='word_1_192' title='bbox 239 2824 407 2866; x_wconf 80' lang='lat' dir='ltr'><strong>mam</strong></span> <span class='ocrx_word' id='word_1_193' title='bbox 439 2824 500 2864; x_wconf 87' lang='lat' dir='ltr'><strong>se</strong></span> <span class='ocrx_word' id='word_1_194' title='bbox 537 2806 810 2879; x_wconf 80' lang='lat' dir='ltr'><strong>erigentis</strong></span> <span class='ocrx_word' id='word_1_195' title='bbox 855 2808 1099 2879; x_wconf 84' lang='lat' dir='ltr'><strong>mitigat,</strong></span> <span class='ocrx_word' id='word_1_196' title='bbox 1147 2812 1205 2862; x_wconf 90' lang='lat' dir='ltr'><strong>et</strong></span> <span class='ocrx_word' id='word_1_197' title='bbox 1238 2807 1320 2862; x_wconf 88' lang='lat' dir='ltr'><strong>sic</strong></span> <span class='ocrx_word' id='word_1_198' title='bbox 1366 2805 1432 2862; x_wconf 82' lang='lat' dir='ltr'><strong>fit</strong></span> 
     </span>
     <span class='ocr_line' id='line_1_36' title="bbox 240 2877 1430 2951; baseline -0.005 -13"><span class='ocrx_word' id='word_1_199' title='bbox 240 2895 465 2951; x_wconf 85' lang='lat' dir='ltr'><strong>magna</strong></span> <span class='ocrx_word' id='word_1_200' title='bbox 528 2878 908 2947; x_wconf 86' lang='lat' dir='ltr'><strong>tranquillitas</strong></span> <span class='ocrx_word' id='word_1_201' title='bbox 969 2877 1235 2946; x_wconf 90' lang='lat' dir='ltr'><strong>exterius,</strong></span> <span class='ocrx_word' id='word_1_202' title='bbox 1300 2891 1430 2933; x_wconf 91' lang='lat' dir='ltr'><strong>cum</strong></span> 
     </span>
     <span class='ocr_line' id='line_1_37' title="bbox 241 2946 1430 3019; baseline -0.005 -11"><span class='ocrx_word' id='word_1_203' title='bbox 241 2948 547 3008; x_wconf 85' lang='lat' dir='ltr'><strong>tribulatio</strong></span> <span class='ocrx_word' id='word_1_204' title='bbox 574 2953 631 3004; x_wconf 89' lang='lat' dir='ltr'><strong>et</strong></span> <span class='ocrx_word' id='word_1_205' title='bbox 656 2948 896 3005; x_wconf 88' lang='lat' dir='ltr'><strong>tentatio</strong></span> <span class='ocrx_word' id='word_1_206' title='bbox 931 2954 1130 3019; x_wconf 89' lang='lat' dir='ltr'><strong>cessat,</strong></span> <span class='ocrx_word' id='word_1_207' title='bbox 1161 2948 1249 3004; x_wconf 91' lang='lat' dir='ltr'><strong>vel</strong></span> <span class='ocrx_word' id='word_1_208' title='bbox 1282 2946 1430 3003; x_wconf 90' lang='lat' dir='ltr'><strong>inte-</strong></span> 
     </span>
    </p>
   </div>
   <div class='ocr_carea' id='block_1_5' title="bbox 241 3011 1459 3091">
    <p class='ocr_par' dir='ltr' id='par_1_5' title="bbox 241 3011 1459 3091">
     <span class='ocr_line' id='line_1_38' title="bbox 241 3011 1459 3091; baseline -0.005 -12"><span class='ocrx_word' id='word_1_209' title='bbox 241 3023 395 3091; x_wconf 65' lang='lat' dir='ltr'><strong>riuS,</strong></span> <span class='ocrx_word' id='word_1_210' title='bbox 422 3035 550 3077; x_wconf 89' lang='lat' dir='ltr'><strong>cum</strong></span> <span class='ocrx_word' id='word_1_211' title='bbox 570 3021 902 3089; x_wconf 89' lang='lat' dir='ltr'><strong>patientiam</strong></span> <span class='ocrx_word' id='word_1_212' title='bbox 929 3020 1139 3076; x_wconf 89' lang='lat' dir='ltr'><strong>bonam</strong></span> <span class='ocrx_word' id='word_1_213' title='bbox 1166 3022 1426 3089; x_wconf 80' lang='lat' dir='ltr'><strong>praestat3</strong></span> <span class='ocrx_word' id='word_1_214' title='bbox 1452 3011 1459 3022; x_wconf 81' lang='grc'><em>’</em></span> 
     </span>
    </p>
   </div>
   <div class='ocr_carea' id='block_1_6' title="bbox 235 3087 1437 4373">
    <p class='ocr_par' dir='ltr' id='par_1_6' title="bbox 235 3087 1437 4373">
     <span class='ocr_line' id='line_1_39' title="bbox 245 3087 1431 3171; baseline -0.007 -21"><span class='ocrx_word' id='word_1_215' title='bbox 245 3099 311 3150; x_wconf 87' lang='lat' dir='ltr'><strong>et</strong></span> <span class='ocrx_word' id='word_1_216' title='bbox 361 3092 488 3148; x_wconf 83' lang='lat' dir='ltr'><strong>haec</strong></span> <span class='ocrx_word' id='word_1_217' title='bbox 535 3089 913 3162; x_wconf 87' lang='lat' dir='ltr'><strong>tranquillitas</strong></span> <span class='ocrx_word' id='word_1_218' title='bbox 952 3088 1177 3146; x_wconf 89' lang='lat' dir='ltr'><strong>virtutis</strong></span> <span class='ocrx_word' id='word_1_219' title='bbox 1228 3087 1431 3171; x_wconf 78' lang='lat' dir='ltr'><strong>melior</strong></span> 
     </span>
     <span class='ocr_line' id='line_1_40' title="bbox 243 3160 1432 3233; baseline -0.004 -12"><span class='ocrx_word' id='word_1_220' title='bbox 243 3170 337 3221; x_wconf 82' lang='lat' dir='ltr'><strong>est</strong></span> <span class='ocrx_word' id='word_1_221' title='bbox 397 3178 534 3220; x_wconf 90' lang='lat' dir='ltr'><strong>uam</strong></span> <span class='ocrx_word' id='word_1_222' title='bbox 558 3161 940 3233; x_wconf 85' lang='lat' dir='ltr'><strong>tranquillitas</strong></span> <span class='ocrx_word' id='word_1_223' title='bbox 971 3160 1302 3231; x_wconf 84' lang='lat' dir='ltr'><strong>corporalis,</strong></span> <span class='ocrx_word' id='word_1_224' title='bbox 1328 3175 1432 3216; x_wconf 78' lang='lat' dir='ltr'><strong>sic-</strong></span> 
     </span>
     <span class='ocr_line' id='line_1_41' title="bbox 243 3178 1430 3314; baseline -0.004 -22"><span class='ocrx_word' id='word_1_225' title='bbox 243 3240 315 3293; x_wconf 88' lang='lat' dir='ltr'><strong>ut</strong></span> <span class='ocrx_word' id='word_1_226' title='bbox 357 3178 580 3290; x_wconf 60' lang='lat' dir='ltr'><strong>1dictum</strong></span> <span class='ocrx_word' id='word_1_227' title='bbox 630 3233 739 3288; x_wconf 80' lang='lat' dir='ltr'><strong>fuit</strong></span> <span class='ocrx_word' id='word_1_228' title='bbox 778 3233 992 3289; x_wconf 87' lang='lat' dir='ltr'><strong>Paulo:</strong></span> <span class='ocrx_word' id='word_1_229' title='bbox 1050 3233 1274 3314; x_wconf 70' lang='lat' dir='ltr'><strong>Sufficit</strong></span> <span class='ocrx_word' id='word_1_230' title='bbox 1322 3231 1430 3312; x_wconf 75' lang='lat' dir='ltr'><strong>tibi</strong></span> 
     </span>
     <span class='ocr_line' id='line_1_42' title="bbox 242 3303 1427 3377; baseline -0.005 -14"><span class='ocrx_word' id='word_1_231' title='bbox 242 3308 443 3377; x_wconf 71' lang='lat' dir='ltr'><strong>qratia</strong></span> <span class='ocrx_word' id='word_1_232' title='bbox 468 3321 626 3372; x_wconf 78' lang='lat' dir='ltr'><strong>mea3</strong></span> <span class='ocrx_word' id='word_1_233' title='bbox 655 3308 886 3376; x_wconf 87' lang='lat' dir='ltr'><strong>propter</strong></span> <span class='ocrx_word' id='word_1_234' title='bbox 919 3303 1070 3374; x_wconf 89' lang='lat' dir='ltr'><strong>quod</strong></span> <span class='ocrx_word' id='word_1_235' title='bbox 1100 3303 1427 3374; x_wconf 72' lang='lat' dir='ltr'><strong>subjunxit:</strong></span> 
     </span>
     <span class='ocr_line' id='line_1_43' title="bbox 242 3376 1430 3446; baseline -0.006 -10"><span class='ocrx_word' id='word_1_236' title='bbox 242 3379 511 3436; x_wconf 82' lang='lat' dir='ltr'><strong>Libenter</strong></span> <span class='ocrx_word' id='word_1_237' title='bbox 552 3378 730 3446; x_wconf 73' lang='lat' dir='ltr'><strong>iqitur</strong></span> <span class='ocrx_word' id='word_1_238' title='bbox 760 3376 1045 3445; x_wconf 66' lang='lat' dir='ltr'><strong>aloriabor</strong></span> <span class='ocrx_word' id='word_1_239' title='bbox 1084 3376 1147 3430; x_wconf 89' lang='lat' dir='ltr'><strong>in</strong></span> <span class='ocrx_word' id='word_1_240' title='bbox 1188 3376 1430 3443; x_wconf 75' lang='lat' dir='ltr'><strong>infirmi-</strong></span> 
     </span>
     <span class='ocr_line' id='line_1_44' title="bbox 247 3446 1432 3513; baseline -0.006 -7"><span class='ocrx_word' id='word_1_241' title='bbox 247 3450 467 3506; x_wconf 81' lang='lat' dir='ltr'><strong>tatibus</strong></span> <span class='ocrx_word' id='word_1_242' title='bbox 498 3450 650 3513; x_wconf 74' lang='lat' dir='ltr'><strong>m&#39;eis,</strong></span> <span class='ocrx_word' id='word_1_243' title='bbox 699 3451 764 3503; x_wconf 79' lang='lat' dir='ltr'><strong>ut</strong></span> <span class='ocrx_word' id='word_1_244' title='bbox 807 3447 1083 3502; x_wconf 82' lang='lat' dir='ltr'><strong>inhabitet</strong></span> <span class='ocrx_word' id='word_1_245' title='bbox 1107 3446 1169 3501; x_wconf 88' lang='lat' dir='ltr'><strong>in</strong></span> <span class='ocrx_word' id='word_1_246' title='bbox 1200 3461 1286 3501; x_wconf 88' lang='lat' dir='ltr'><strong>me</strong></span> <span class='ocrx_word' id='word_1_247' title='bbox 1311 3447 1432 3500; x_wconf 84' lang='lat' dir='ltr'><strong>vir-</strong></span> 
     </span>
     <span class='ocr_line' id='line_1_45' title="bbox 246 3515 1433 3590; baseline -0.004 -14"><span class='ocrx_word' id='word_1_248' title='bbox 246 3525 342 3577; x_wconf 72' lang='lat' dir='ltr'><strong>tus</strong></span> <span class='ocrx_word' id='word_1_249' title='bbox 391 3520 619 3577; x_wconf 79' lang='lat' dir='ltr'><strong>Christi.</strong></span> <span class='ocrx_word' id='word_1_250' title='bbox 671 3520 809 3575; x_wconf 89' lang='lat' dir='ltr'><strong>Tam</strong></span> <span class='ocrx_word' id='word_1_251' title='bbox 857 3528 1066 3590; x_wconf 83' lang='lat' dir='ltr'><strong>magna</strong></span> <span class='ocrx_word' id='word_1_252' title='bbox 1115 3522 1308 3573; x_wconf 89' lang='lat' dir='ltr'><strong>autem</strong></span> <span class='ocrx_word' id='word_1_253' title='bbox 1367 3515 1433 3571; x_wconf 82' lang='lat' dir='ltr'><strong>fit</strong></span> 
     </span>
     <span class='ocr_line' id='line_1_46' title="bbox 246 3589 1430 3668; baseline -0.003 -22"><span class='ocrx_word' id='word_1_254' title='bbox 246 3590 656 3662; x_wconf 87' lang='lat' dir='ltr'><strong>tranquillitas,</strong></span> <span class='ocrx_word' id='word_1_255' title='bbox 688 3590 768 3645; x_wconf 91' lang='lat' dir='ltr'><strong>ita</strong></span> <span class='ocrx_word' id='word_1_256' title='bbox 814 3592 874 3644; x_wconf 84' lang='lat' dir='ltr'><strong>ut</strong></span> <span class='ocrx_word' id='word_1_257' title='bbox 914 3590 1033 3659; x_wconf 89' lang='lat' dir='ltr'><strong>ipse</strong></span> <span class='ocrx_word' id='word_1_258' title='bbox 1068 3591 1224 3643; x_wconf 88' lang='lat' dir='ltr'><strong>totus</strong></span> <span class='ocrx_word' id='word_1_259' title='bbox 1256 3589 1430 3668; x_wconf 82' lang='lat' dir='ltr'><strong>homo</strong></span> 
     </span>
     <span class='ocr_line' id='line_1_47' title="bbox 249 3660 1432 3732; baseline -0.004 -14"><span class='ocrx_word' id='word_1_260' title='bbox 249 3662 514 3726; x_wconf 88' lang='lat' dir='ltr'><strong>miretur,</strong></span> <span class='ocrx_word' id='word_1_261' title='bbox 546 3667 604 3716; x_wconf 91' lang='lat' dir='ltr'><strong>et</strong></span> <span class='ocrx_word' id='word_1_262' title='bbox 632 3661 821 3718; x_wconf 86' lang='lat' dir='ltr'><strong>dicat:</strong></span> <span class='ocrx_word' id='word_1_263' title='bbox 851 3660 1046 3727; x_wconf 81' lang='lat' dir='ltr'><strong>Qualis</strong></span> <span class='ocrx_word' id='word_1_264' title='bbox 1066 3663 1148 3715; x_wconf 80' lang='lat' dir='ltr'><strong>est</strong></span> <span class='ocrx_word' id='word_1_265' title='bbox 1178 3660 1287 3728; x_wconf 79' lang='lat' dir='ltr'><strong>hic,</strong></span> <span class='ocrx_word' id='word_1_266' title='bbox 1319 3672 1432 3732; x_wconf 75' lang='lat' dir='ltr'><strong>mi-</strong></span> 
     </span>
     <span class='ocr_line' id='line_1_48' title="bbox 246 3730 1431 3802; baseline -0.003 -14"><span class='ocrx_word' id='word_1_267' title='bbox 246 3731 753 3800; x_wconf 85' lang='lat' dir='ltr'><strong>sericordissimus,</strong></span> <span class='ocrx_word' id='word_1_268' title='bbox 790 3730 1216 3802; x_wconf 88' lang='lat' dir='ltr'><strong>potentissimus</strong></span> <span class='ocrx_word' id='word_1_269' title='bbox 1252 3734 1311 3785; x_wconf 92' lang='lat' dir='ltr'><strong>et</strong></span> <span class='ocrx_word' id='word_1_270' title='bbox 1337 3744 1431 3784; x_wconf 90' lang='lat' dir='ltr'><strong>sa-</strong></span> 
     </span>
     <span class='ocr_line' id='line_1_49' title="bbox 247 3802 1435 3875; baseline -0.003 -17"><span class='ocrx_word' id='word_1_271' title='bbox 247 3802 637 3875; x_wconf 88' lang='lat' dir='ltr'><strong>pientissimus</strong></span> <span class='ocrx_word' id='word_1_272' title='bbox 661 3803 975 3872; x_wconf 83' lang='lat' dir='ltr'><strong>Dominus3</strong></span> <span class='ocrx_word' id='word_1_273' title='bbox 1017 3804 1153 3872; x_wconf 81' lang='lat' dir='ltr'><strong>quia</strong></span> <span class='ocrx_word' id='word_1_274' title='bbox 1192 3814 1344 3856; x_wconf 81' lang='lat' dir='ltr'><strong>mare</strong></span> <span class='ocrx_word' id='word_1_275' title='bbox 1381 3803 1435 3855; x_wconf 85' lang='lat' dir='ltr'><strong>et</strong></span> 
     </span>
     <span class='ocr_line' id='line_1_50' title="bbox 249 3871 1435 3931; baseline -0.003 -2"><span class='ocrx_word' id='word_1_276' title='bbox 249 3875 410 3929; x_wconf 82' lang='lat' dir='ltr'><strong>venti</strong></span> <span class='ocrx_word' id='word_1_277' title='bbox 439 3875 815 3931; x_wconf 87' lang='lat' dir='ltr'><strong>tentationum</strong></span> <span class='ocrx_word' id='word_1_278' title='bbox 845 3878 904 3930; x_wconf 87' lang='lat' dir='ltr'><strong>et</strong></span> <span class='ocrx_word' id='word_1_279' title='bbox 978 3873 1262 3929; x_wconf 87' lang='lat' dir='ltr'><strong>assionum</strong></span> <span class='ocrx_word' id='word_1_280' title='bbox 1307 3871 1435 3927; x_wconf 86' lang='lat' dir='ltr'><strong>obe·</strong></span> 
     </span>
     <span class='ocr_line' id='line_1_51' title="bbox 248 3943 1432 4023; baseline -0.002 -23"><span class='ocrx_word' id='word_1_281' title='bbox 248 3944 423 4001; x_wconf 80' lang='lat' dir='ltr'><strong>diunt</strong></span> <span class='ocrx_word' id='word_1_282' title='bbox 447 3947 517 4012; x_wconf 87' lang='lat' dir='ltr'><strong>ei,</strong></span> <span class='ocrx_word' id='word_1_283' title='bbox 549 3946 622 4001; x_wconf 90' lang='lat' dir='ltr'><strong>ad</strong></span> <span class='ocrx_word' id='word_1_284' title='bbox 653 3949 855 4002; x_wconf 88' lang='lat' dir='ltr'><strong>nutum</strong></span> <span class='ocrx_word' id='word_1_285' title='bbox 874 3945 929 4008; x_wconf 68' lang='grc' dir='ltr'><strong>τ,</strong></span> <span class='ocrx_word' id='word_1_286' title='bbox 980 3943 1080 4000; x_wconf 87' lang='lat' dir='ltr'><strong>uid</strong></span> <span class='ocrx_word' id='word_1_287' title='bbox 1109 3944 1284 4017; x_wconf 90' lang='lat' dir='ltr'><strong>igitur</strong></span> <span class='ocrx_word' id='word_1_288' title='bbox 1311 3946 1432 4023; x_wconf 83' lang='lat' dir='ltr'><strong>tam</strong></span> 
     </span>
     <span class='ocr_line' id='line_1_52' title="bbox 251 4015 1432 4087; baseline -0.004 -14"><span class='ocrx_word' id='word_1_289' title='bbox 251 4015 749 4087; x_wconf 83' lang='lat' dir='ltr'><strong>benignissimum,</strong></span> <span class='ocrx_word' id='word_1_290' title='bbox 781 4030 955 4086; x_wconf 88' lang='lat' dir='ltr'><strong>quam</strong></span> <span class='ocrx_word' id='word_1_291' title='bbox 999 4016 1152 4087; x_wconf 90' lang='lat' dir='ltr'><strong>quod</strong></span> <span class='ocrx_word' id='word_1_292' title='bbox 1194 4016 1341 4070; x_wconf 87' lang='lat' dir='ltr'><strong>Deus</strong></span> <span class='ocrx_word' id='word_1_293' title='bbox 1371 4028 1432 4068; x_wconf 86' lang='lat' dir='ltr'><strong>m</strong></span> 
     </span>
     <span class='ocr_line' id='line_1_53' title="bbox 244 4086 1433 4169; baseline -0.002 -27"><span class='ocrx_word' id='word_1_294' title='bbox 244 4086 404 4143; x_wconf 82' lang='lat' dir='ltr'><strong>hanc</strong></span> <span class='ocrx_word' id='word_1_295' title='bbox 429 4087 751 4144; x_wconf 78' lang='lat' dir='ltr'><strong>naviculam</strong></span> <span class='ocrx_word' id='word_1_296' title='bbox 781 4088 851 4145; x_wconf 87' lang='lat' dir='ltr'><strong>de</strong></span> <span class='ocrx_word' id='word_1_297' title='bbox 877 4087 1020 4143; x_wconf 87' lang='lat' dir='ltr'><strong>coelo</strong></span> <span class='ocrx_word' id='word_1_298' title='bbox 1051 4086 1287 4142; x_wconf 81' lang='lat' dir='ltr'><strong>veniens</strong></span> <span class='ocrx_word' id='word_1_299' title='bbox 1330 4098 1433 4169; x_wconf 80' lang='lat' dir='ltr'><strong>pro</strong></span> 
     </span>
     <span class='ocr_line' id='line_1_54' title="bbox 238 4157 1434 4238; baseline -0.003 -26"><span class='ocrx_word' id='word_1_300' title='bbox 238 4157 472 4214; x_wconf 80' lang='lat' dir='ltr'><strong>deliciis</strong></span> <span class='ocrx_word' id='word_1_301' title='bbox 521 4159 698 4214; x_wconf 83' lang='lat' dir='ltr'><strong>habet</strong></span> <span class='ocrx_word' id='word_1_302' title='bbox 745 4174 860 4215; x_wconf 86' lang='lat' dir='ltr'><strong>esse</strong></span> <span class='ocrx_word' id='word_1_303' title='bbox 902 4173 1024 4214; x_wconf 81' lang='lat' dir='ltr'><strong>cum</strong></span> <span class='ocrx_word' id='word_1_304' title='bbox 1073 4159 1223 4238; x_wconf 40' lang='lat' dir='ltr'><strong>filiis·</strong></span> <span class='ocrx_word' id='word_1_305' title='bbox 1265 4157 1434 4236; x_wconf 74' lang='lat' dir='ltr'><strong>horni-</strong></span> 
     </span>
     <span class='ocr_line' id='line_1_55' title="bbox 236 4228 1437 4296; baseline -0.003 -12"><span class='ocrx_word' id='word_1_306' title='bbox 236 4244 383 4284; x_wconf 83' lang='lat' dir='ltr'><strong>num</strong></span> <span class='ocrx_word' id='word_1_307' title='bbox 402 4231 435 4284; x_wconf 85' lang='lat'><em>?</em></span> <span class='ocrx_word' id='word_1_308' title='bbox 465 4228 611 4296; x_wconf 88' lang='lat' dir='ltr'><strong>Quid</strong></span> <span class='ocrx_word' id='word_1_309' title='bbox 656 4231 868 4288; x_wconf 78' lang='lat' dir='ltr'><strong>iterum</strong></span> <span class='ocrx_word' id='word_1_310' title='bbox 914 4235 1033 4285; x_wconf 86' lang='lat' dir='ltr'><strong>tam</strong></span> <span class='ocrx_word' id='word_1_311' title='bbox 1070 4229 1437 4285; x_wconf 78' lang='lat' dir='ltr'><strong>admirantis-</strong></span> 
     </span>
     <span class='ocr_line' id='line_1_56' title="bbox 235 4298 1433 4373; baseline -0.003 -17"><span class='ocrx_word' id='word_1_312' title='bbox 235 4301 413 4356; x_wconf 75' lang='lat' dir='ltr'><strong>simae</strong></span> <span class='ocrx_word' id='word_1_313' title='bbox 480 4298 742 4358; x_wconf 81' lang='lat' dir='ltr'><strong>utilitatis</strong></span> <span class='ocrx_word' id='word_1_314' title='bbox 787 4317 914 4360; x_wconf 83' lang='lat' dir='ltr'><strong>esse</strong></span> <span class='ocrx_word' id='word_1_315' title='bbox 970 4299 1199 4373; x_wconf 83' lang='lat' dir='ltr'><strong>poterit,</strong></span> <span class='ocrx_word' id='word_1_316' title='bbox 1259 4311 1433 4370; x_wconf 89' lang='lat' dir='ltr'><strong>quam</strong></span> 
     </span>
    </p>
   </div>
   <div class='ocr_carea' id='block_1_7' title="bbox 1533 462 2732 4371">
    <p class='ocr_par' dir='ltr' id='par_1_7' title="bbox 1548 462 2732 1104">
     <span class='ocr_line' id='line_1_57' title="bbox 1552 462 2732 541; baseline 0.01 -25"><span class='ocrx_word' id='word_1_317' title='bbox 1552 462 1710 533; x_wconf 89' lang='lat' dir='ltr'><strong>quod</strong></span> <span class='ocrx_word' id='word_1_318' title='bbox 1747 463 1896 518; x_wconf 90' lang='lat' dir='ltr'><strong>Deus</strong></span> <span class='ocrx_word' id='word_1_319' title='bbox 1944 465 2282 534; x_wconf 85' lang='lat' dir='ltr'><strong>conjunctus</strong></span> <span class='ocrx_word' id='word_1_320' title='bbox 2316 466 2522 524; x_wconf 83' lang='lat' dir='ltr'><strong>animae</strong></span> <span class='ocrx_word' id='word_1_321' title='bbox 2555 469 2732 541; x_wconf 79' lang='lat' dir='ltr'><strong>ipsam</strong></span> 
     </span>
     <span class='ocr_line' id='line_1_58' title="bbox 1550 534 2732 604; baseline 0.009 -17"><span class='ocrx_word' id='word_1_322' title='bbox 1550 539 1850 603; x_wconf 88' lang='lat' dir='ltr'><strong>promovet</strong></span> <span class='ocrx_word' id='word_1_323' title='bbox 1887 534 1959 589; x_wconf 89' lang='lat' dir='ltr'><strong>ad</strong></span> <span class='ocrx_word' id='word_1_324' title='bbox 2004 535 2248 592; x_wconf 89' lang='lat' dir='ltr'><strong>salutem</strong></span> <span class='ocrx_word' id='word_1_325' title='bbox 2274 534 2303 594; x_wconf 83' lang='lat'><strong>?</strong></span> <span class='ocrx_word' id='word_1_326' title='bbox 2341 537 2449 604; x_wconf 90' lang='lat' dir='ltr'><strong>Qui</strong></span> <span class='ocrx_word' id='word_1_327' title='bbox 2491 539 2732 598; x_wconf 87' lang='lat' dir='ltr'><strong>descen-</strong></span> 
     </span>
     <span class='ocr_line' id='line_1_59' title="bbox 1552 604 2730 669; baseline 0.008 -11"><span class='ocrx_word' id='word_1_328' title='bbox 1552 604 1693 659; x_wconf 89' lang='lat' dir='ltr'><strong>dens</strong></span> <span class='ocrx_word' id='word_1_329' title='bbox 1727 604 1782 659; x_wconf 88' lang='lat' dir='ltr'><strong>in</strong></span> <span class='ocrx_word' id='word_1_330' title='bbox 1816 606 2068 661; x_wconf 86' lang='lat' dir='ltr'><strong>animam</strong></span> <span class='ocrx_word' id='word_1_331' title='bbox 2108 606 2358 663; x_wconf 88' lang='lat' dir='ltr'><strong>dormire</strong></span> <span class='ocrx_word' id='word_1_332' title='bbox 2404 612 2540 666; x_wconf 92' lang='lat' dir='ltr'><strong>tunc</strong></span> <span class='ocrx_word' id='word_1_333' title='bbox 2588 611 2730 669; x_wconf 91' lang='lat' dir='ltr'><strong>dici-</strong></span> 
     </span>
     <span class='ocr_line' id='line_1_60' title="bbox 1550 678 2730 754; baseline 0.008 -25"><span class='ocrx_word' id='word_1_334' title='bbox 1550 680 1665 742; x_wconf 91' lang='lat' dir='ltr'><strong>tur,</strong></span> <span class='ocrx_word' id='word_1_335' title='bbox 1700 691 1829 732; x_wconf 93' lang='lat' dir='ltr'><strong>cum</strong></span> <span class='ocrx_word' id='word_1_336' title='bbox 1860 678 2151 732; x_wconf 87' lang='lat' dir='ltr'><strong>subtracta</strong></span> <span class='ocrx_word' id='word_1_337' title='bbox 2194 678 2379 749; x_wconf 87' lang='lat' dir='ltr'><strong>gratia</strong></span> <span class='ocrx_word' id='word_1_338' title='bbox 2427 681 2730 754; x_wconf 86' lang='lat' dir='ltr'><strong>spirituali,</strong></span> 
     </span>
     <span class='ocr_line' id='line_1_61' title="bbox 1550 749 2731 825; baseline 0.008 -25"><span class='ocrx_word' id='word_1_339' title='bbox 1550 752 1735 802; x_wconf 88' lang='lat' dir='ltr'><strong>motus</strong></span> <span class='ocrx_word' id='word_1_340' title='bbox 1764 749 2091 803; x_wconf 85' lang='lat' dir='ltr'><strong>tentationis</strong></span> <span class='ocrx_word' id='word_1_341' title='bbox 2116 749 2418 821; x_wconf 79' lang='lat' dir='ltr'><strong>insurgunt</strong></span> <span class='ocrx_word' id='word_1_342' title='bbox 2442 768 2456 819; x_wconf 92' lang='grc'><strong>;</strong></span> <span class='ocrx_word' id='word_1_343' title='bbox 2490 751 2731 825; x_wconf 83' lang='lat' dir='ltr'><strong>vigilare</strong></span> 
     </span>
     <span class='ocr_line' id='line_1_62' title="bbox 1553 820 2728 893; baseline 0.009 -23"><span class='ocrx_word' id='word_1_344' title='bbox 1553 832 1685 871; x_wconf 89' lang='lat' dir='ltr'><strong>vero</strong></span> <span class='ocrx_word' id='word_1_345' title='bbox 1740 821 1797 873; x_wconf 92' lang='lat' dir='ltr'><strong>et</strong></span> <span class='ocrx_word' id='word_1_346' title='bbox 1851 820 2081 874; x_wconf 89' lang='lat' dir='ltr'><strong>excitari</strong></span> <span class='ocrx_word' id='word_1_347' title='bbox 2136 825 2273 877; x_wconf 90' lang='lat' dir='ltr'><strong>tunc</strong></span> <span class='ocrx_word' id='word_1_348' title='bbox 2316 821 2546 893; x_wconf 88' lang='lat' dir='ltr'><strong>dicitur,</strong></span> <span class='ocrx_word' id='word_1_349' title='bbox 2598 839 2728 881; x_wconf 92' lang='lat' dir='ltr'><strong>cum</strong></span> 
     </span>
     <span class='ocr_line' id='line_1_63' title="bbox 1549 888 2726 963; baseline 0.009 -22"><span class='ocrx_word' id='word_1_350' title='bbox 1549 888 1860 957; x_wconf 87' lang='lat' dir='ltr'><strong>spiritualis</strong></span> <span class='ocrx_word' id='word_1_351' title='bbox 1900 892 2084 957; x_wconf 78' lang='lat' dir='ltr'><strong>gratia</strong></span> <span class='ocrx_word' id='word_1_352' title='bbox 2117 893 2237 960; x_wconf 79' lang='lat' dir='ltr'><strong>Jam</strong></span> <span class='ocrx_word' id='word_1_353' title='bbox 2273 908 2521 963; x_wconf 67' lang='lat' dir='ltr'><strong>praesens</strong></span> <span class='ocrx_word' id='word_1_354' title='bbox 2550 896 2726 952; x_wconf 88' lang='lat' dir='ltr'><strong>senti·</strong></span> 
     </span>
     <span class='ocr_line' id='line_1_64' title="bbox 1551 959 2728 1032; baseline 0.01 -20"><span class='ocrx_word' id='word_1_355' title='bbox 1551 963 1666 1027; x_wconf 91' lang='lat' dir='ltr'><strong>tur,</strong></span> <span class='ocrx_word' id='word_1_356' title='bbox 1694 959 1765 1014; x_wconf 90' lang='lat' dir='ltr'><strong>ad</strong></span> <span class='ocrx_word' id='word_1_357' title='bbox 1793 961 1952 1032; x_wconf 85' lang='lat' dir='ltr'><strong>cujus</strong></span> <span class='ocrx_word' id='word_1_358' title='bbox 1983 963 2341 1031; x_wconf 61' lang='lat' dir='ltr'><strong>praesentiam</strong></span> <span class='ocrx_word' id='word_1_359' title='bbox 2371 965 2564 1022; x_wconf 90' lang='lat' dir='ltr'><strong>omnia</strong></span> <span class='ocrx_word' id='word_1_360' title='bbox 2596 973 2728 1024; x_wconf 88' lang='lat' dir='ltr'><strong>ten-</strong></span> 
     </span>
     <span class='ocr_line' id='line_1_65' title="bbox 1548 1030 2521 1104; baseline 0.009 -21"><span class='ocrx_word' id='word_1_361' title='bbox 1548 1030 1829 1086; x_wconf 89' lang='lat' dir='ltr'><strong>tationum</strong></span> <span class='ocrx_word' id='word_1_362' title='bbox 1852 1048 2064 1103; x_wconf 87' lang='lat' dir='ltr'><strong>genera</strong></span> <span class='ocrx_word' id='word_1_363' title='bbox 2094 1035 2521 1104; x_wconf 88' lang='lat' dir='ltr'><strong>conquiescunt.</strong></span> 
     </span>
    </p>

    <p class='ocr_par' dir='ltr' id='par_1_8' title="bbox 1533 1101 2732 4371">
     <span class='ocr_line' id='line_1_66' title="bbox 1622 1101 2725 1167; baseline 0.009 -12"><span class='ocrx_word' id='word_1_364' title='bbox 1622 1104 1656 1155; x_wconf 90' lang='grc'>8</span> <span class='ocrx_word' id='word_1_365' title='bbox 1687 1101 1825 1167; x_wconf 86' lang='lat' dir='ltr'><strong>an</strong></span> <span class='ocrx_word' id='word_1_366' title='bbox 1857 1120 1937 1158; x_wconf 81' lang='lat' dir='ltr'><strong>sn·</strong></span> <span class='ocrx_word' id='word_1_367' title='bbox 1967 1121 2025 1159; x_wconf 80' lang='lat' dir='ltr'><strong>nv</strong></span> <span class='ocrx_word' id='word_1_368' title='bbox 2053 1121 2475 1162; x_wconf 65' lang='lat' dir='ltr'><strong>&#39;ram-Arioniam</strong></span> <span class='ocrx_word' id='word_1_369' title='bbox 2508 1124 2725 1165; x_wconf 62' lang='lat' dir='ltr'><strong>naemu-</strong></span> 
     </span>
     <span class='ocr_line' id='line_1_67' title="bbox 1546 1172 2729 1247; baseline 0.01 -23"><span class='ocrx_word' id='word_1_370' title='bbox 1546 1172 1706 1227; x_wconf 78' lang='lat' dir='ltr'><strong>ntm?</strong></span> <span class='ocrx_word' id='word_1_371' title='bbox 1740 1204 1797 1214; x_wconf 90' lang='lat'><strong>--</strong></span> <span class='ocrx_word' id='word_1_372' title='bbox 1844 1174 2006 1230; x_wconf 88' lang='lat' dir='ltr'><strong>Circa</strong></span> <span class='ocrx_word' id='word_1_373' title='bbox 2040 1182 2228 1231; x_wconf 86' lang='lat' dir='ltr'><strong>autem</strong></span> <span class='ocrx_word' id='word_1_374' title='bbox 2268 1178 2434 1244; x_wconf 89' lang='lat' dir='ltr'><strong>istud,</strong></span> <span class='ocrx_word' id='word_1_375' title='bbox 2458 1178 2729 1247; x_wconf 64' lang='lat' dir='ltr'><strong>Augusti-</strong></span> 
     </span>
     <span class='ocr_line' id='line_1_68' title="bbox 1544 1244 2725 1320; baseline 0.008 -24"><span class='ocrx_word' id='word_1_376' title='bbox 1544 1258 1652 1297; x_wconf 82' lang='lat' dir='ltr'><strong>nus</strong></span> <span class='ocrx_word' id='word_1_377' title='bbox 1679 1244 1838 1313; x_wconf 90' lang='lat' dir='ltr'><strong>quasi</strong></span> <span class='ocrx_word' id='word_1_378' title='bbox 1865 1245 1933 1300; x_wconf 90' lang='lat' dir='ltr'><strong>de</strong></span> <span class='ocrx_word' id='word_1_379' title='bbox 1955 1261 2066 1300; x_wconf 91' lang='lat' dir='ltr'><strong>uno</strong></span> <span class='ocrx_word' id='word_1_380' title='bbox 2087 1246 2403 1315; x_wconf 86' lang='lat' dir='ltr'><strong>exemplum</strong></span> <span class='ocrx_word' id='word_1_381' title='bbox 2431 1248 2725 1320; x_wconf 85' lang='lat' dir='ltr'><strong>inducens,</strong></span> 
     </span>
     <span class='ocr_line' id='line_1_69' title="bbox 1546 1313 2724 1390; baseline 0.009 -24"><span class='ocrx_word' id='word_1_382' title='bbox 1546 1313 1629 1367; x_wconf 88' lang='lat' dir='ltr'><strong>sic</strong></span> <span class='ocrx_word' id='word_1_383' title='bbox 1652 1315 1767 1371; x_wconf 85' lang='lat' dir='ltr'><strong>ait:</strong></span> <span class='ocrx_word' id='word_1_384' title='bbox 1801 1333 1828 1368; x_wconf 91' lang='lat'>«</span> <span class='ocrx_word' id='word_1_385' title='bbox 1860 1317 2085 1375; x_wconf 81' lang='lat' dir='ltr'><strong>Intrant</strong></span> <span class='ocrx_word' id='word_1_386' title='bbox 2121 1319 2273 1372; x_wconf 88' lang='lat' dir='ltr'><strong>venti</strong></span> <span class='ocrx_word' id='word_1_387' title='bbox 2319 1316 2378 1372; x_wconf 90' lang='lat' dir='ltr'><strong>in</strong></span> <span class='ocrx_word' id='word_1_388' title='bbox 2417 1323 2724 1390; x_wconf 88' lang='lat' dir='ltr'><strong>cortuum,</strong></span> 
     </span>
     <span class='ocr_line' id='line_1_70' title="bbox 1545 1384 2724 1457; baseline 0.008 -19"><span class='ocrx_word' id='word_1_389' title='bbox 1545 1384 1746 1454; x_wconf 87' lang='lat' dir='ltr'><strong>utiquc</strong></span> <span class='ocrx_word' id='word_1_390' title='bbox 1782 1384 1879 1440; x_wconf 91' lang='lat' dir='ltr'><strong>ubi</strong></span> <span class='ocrx_word' id='word_1_391' title='bbox 1908 1387 2162 1457; x_wconf 83' lang='lat' dir='ltr'><strong>navigas,</strong></span> <span class='ocrx_word' id='word_1_392' title='bbox 2213 1386 2312 1442; x_wconf 92' lang='lat' dir='ltr'><strong>ubi</strong></span> <span class='ocrx_word' id='word_1_393' title='bbox 2356 1389 2505 1445; x_wconf 90' lang='lat' dir='ltr'><strong>hanc</strong></span> <span class='ocrx_word' id='word_1_394' title='bbox 2551 1389 2724 1448; x_wconf 87' lang='lat' dir='ltr'><strong>vitam</strong></span> 
     </span>
     <span class='ocr_line' id='line_1_71' title="bbox 1545 1457 2732 1530; baseline 0.008 -22"><span class='ocrx_word' id='word_1_395' title='bbox 1545 1457 1841 1524; x_wconf 86' lang='lat' dir='ltr'><strong>tamquam</strong></span> <span class='ocrx_word' id='word_1_396' title='bbox 1908 1457 2281 1527; x_wconf 90' lang='lat' dir='ltr'><strong>procellosum</strong></span> <span class='ocrx_word' id='word_1_397' title='bbox 2329 1462 2384 1514; x_wconf 86' lang='lat' dir='ltr'><strong>et</strong></span> <span class='ocrx_word' id='word_1_398' title='bbox 2444 1460 2732 1530; x_wconf 88' lang='lat' dir='ltr'><strong>periculo-</strong></span> 
     </span>
     <span class='ocr_line' id='line_1_72' title="bbox 1545 1526 2724 1599; baseline 0.008 -20"><span class='ocrx_word' id='word_1_399' title='bbox 1545 1539 1676 1579; x_wconf 93' lang='lat' dir='ltr'><strong>sum</strong></span> <span class='ocrx_word' id='word_1_400' title='bbox 1718 1526 1953 1594; x_wconf 82' lang='lat' dir='ltr'><strong>pelagus</strong></span> <span class='ocrx_word' id='word_1_401' title='bbox 1996 1528 2244 1596; x_wconf 85' lang='lat' dir='ltr'><strong>transis;</strong></span> <span class='ocrx_word' id='word_1_402' title='bbox 2296 1529 2511 1586; x_wconf 87' lang='lat' dir='ltr'><strong>intrant</strong></span> <span class='ocrx_word' id='word_1_403' title='bbox 2549 1533 2724 1599; x_wconf 87' lang='lat' dir='ltr'><strong>venti,</strong></span> 
     </span>
     <span class='ocr_line' id='line_1_73' title="bbox 1548 1598 2728 1670; baseline 0.008 -21"><span class='ocrx_word' id='word_1_404' title='bbox 1548 1600 1782 1651; x_wconf 88' lang='lat' dir='ltr'><strong>movent</strong></span> <span class='ocrx_word' id='word_1_405' title='bbox 1819 1598 2042 1667; x_wconf 75' lang='lat' dir='ltr'><strong>ssuctuS,</strong></span> <span class='ocrx_word' id='word_1_406' title='bbox 2091 1599 2323 1655; x_wconf 86' lang='lat' dir='ltr'><strong>turbant</strong></span> <span class='ocrx_word' id='word_1_407' title='bbox 2365 1616 2587 1662; x_wconf 86' lang='lat' dir='ltr'><strong>navem.</strong></span> <span class='ocrx_word' id='word_1_408' title='bbox 2619 1603 2728 1670; x_wconf 86' lang='lat' dir='ltr'><strong>Qui</strong></span> 
     </span>
     <span class='ocr_line' id='line_1_74' title="bbox 1545 1666 2728 1745; baseline 0.009 -26"><span class='ocrx_word' id='word_1_409' title='bbox 1545 1671 1683 1721; x_wconf 84' lang='lat' dir='ltr'><strong>sunt</strong></span> <span class='ocrx_word' id='word_1_410' title='bbox 1727 1666 1930 1726; x_wconf 84' lang='lat' dir='ltr'><strong>venti?</strong></span> <span class='ocrx_word' id='word_1_411' title='bbox 1980 1669 2198 1725; x_wconf 88' lang='lat' dir='ltr'><strong>Audisti</strong></span> <span class='ocrx_word' id='word_1_412' title='bbox 2247 1672 2578 1745; x_wconf 85' lang='lat' dir='ltr'><strong>convitium,</strong></span> <span class='ocrx_word' id='word_1_413' title='bbox 2612 1672 2728 1730; x_wconf 91' lang='lat' dir='ltr'><strong>ira-</strong></span> 
     </span>
     <span class='ocr_line' id='line_1_75' title="bbox 1544 1737 2730 1813; baseline 0.01 -22"><span class='ocrx_word' id='word_1_414' title='bbox 1544 1737 1754 1805; x_wconf 86' lang='lat' dir='ltr'><strong>sceris;</strong></span> <span class='ocrx_word' id='word_1_415' title='bbox 1813 1739 2123 1796; x_wconf 88' lang='lat' dir='ltr'><strong>convitium</strong></span> <span class='ocrx_word' id='word_1_416' title='bbox 2180 1747 2380 1797; x_wconf 85' lang='lat' dir='ltr'><strong>ventus</strong></span> <span class='ocrx_word' id='word_1_417' title='bbox 2451 1747 2557 1813; x_wconf 89' lang='lat' dir='ltr'><strong>est,</strong></span> <span class='ocrx_word' id='word_1_418' title='bbox 2620 1744 2730 1803; x_wconf 86' lang='lat' dir='ltr'><strong>ira-</strong></span> 
     </span>
     <span class='ocr_line' id='line_1_76' title="bbox 1546 1809 2730 1883; baseline 0.008 -21"><span class='ocrx_word' id='word_1_419' title='bbox 1546 1809 1753 1864; x_wconf 88' lang='lat' dir='ltr'><strong>cundia</strong></span> <span class='ocrx_word' id='word_1_420' title='bbox 1780 1809 1982 1867; x_wconf 88' lang='lat' dir='ltr'><strong>fluctus</strong></span> <span class='ocrx_word' id='word_1_421' title='bbox 2010 1816 2117 1883; x_wconf 90' lang='lat' dir='ltr'><strong>est,</strong></span> <span class='ocrx_word' id='word_1_422' title='bbox 2146 1813 2508 1883; x_wconf 64' lang='lat' dir='ltr'><strong>periclitaris„</strong></span> <span class='ocrx_word' id='word_1_423' title='bbox 2538 1815 2634 1871; x_wconf 88' lang='lat' dir='ltr'><strong>Dis</strong></span> <span class='ocrx_word' id='word_1_424' title='bbox 2676 1832 2730 1872; x_wconf 90' lang='lat' dir='ltr'><strong>o·</strong></span> 
     </span>
     <span class='ocr_line' id='line_1_77' title="bbox 1548 1879 2723 1954; baseline 0.009 -22"><span class='ocrx_word' id='word_1_425' title='bbox 1548 1879 1634 1933; x_wconf 91' lang='lat' dir='ltr'><strong>nis</strong></span> <span class='ocrx_word' id='word_1_426' title='bbox 1697 1883 2070 1953; x_wconf 85' lang='lat' dir='ltr'><strong>respondero,</strong></span> <span class='ocrx_word' id='word_1_427' title='bbox 2149 1883 2398 1954; x_wconf 89' lang='lat' dir='ltr'><strong>disponis</strong></span> <span class='ocrx_word' id='word_1_428' title='bbox 2473 1886 2622 1943; x_wconf 86' lang='lat' dir='ltr'><strong>male</strong></span> <span class='ocrx_word' id='word_1_429' title='bbox 2667 1888 2723 1942; x_wconf 86' lang='lat' dir='ltr'><strong>i-</strong></span> 
     </span>
     <span class='ocr_line' id='line_1_78' title="bbox 1547 1953 2722 2027; baseline 0.009 -23"><span class='ocrx_word' id='word_1_430' title='bbox 1547 1954 1700 2006; x_wconf 89' lang='lat' dir='ltr'><strong>ctum</strong></span> <span class='ocrx_word' id='word_1_431' title='bbox 1747 1953 2052 2009; x_wconf 87' lang='lat' dir='ltr'><strong>maledicto</strong></span> <span class='ocrx_word' id='word_1_432' title='bbox 2093 1956 2353 2022; x_wconf 86' lang='lat' dir='ltr'><strong>reddere,</strong></span> <span class='ocrx_word' id='word_1_433' title='bbox 2391 1956 2511 2027; x_wconf 89' lang='lat' dir='ltr'><strong>jam</strong></span> <span class='ocrx_word' id='word_1_434' title='bbox 2558 1957 2722 2015; x_wconf 86' lang='lat' dir='ltr'><strong>navis</strong></span> 
     </span>
     <span class='ocr_line' id='line_1_79' title="bbox 1546 2021 2726 2096; baseline 0.009 -22"><span class='ocrx_word' id='word_1_435' title='bbox 1546 2021 1892 2093; x_wconf 86' lang='lat' dir='ltr'><strong>propinquat</strong></span> <span class='ocrx_word' id='word_1_436' title='bbox 1943 2025 2263 2096; x_wconf 79' lang='lat' dir='ltr'><strong>naufragio,</strong></span> <span class='ocrx_word' id='word_1_437' title='bbox 2321 2028 2513 2083; x_wconf 85' lang='lat' dir='ltr'><strong>Excita</strong></span> <span class='ocrx_word' id='word_1_438' title='bbox 2567 2028 2726 2086; x_wconf 86' lang='lat' dir='ltr'><strong>Chri-</strong></span> 
     </span>
     <span class='ocr_line' id='line_1_80' title="bbox 1544 2093 2724 2173; baseline 0.008 -28"><span class='ocrx_word' id='word_1_439' title='bbox 1544 2095 1693 2146; x_wconf 89' lang='lat' dir='ltr'><strong>stum</strong></span> <span class='ocrx_word' id='word_1_440' title='bbox 1722 2093 2130 2163; x_wconf 88' lang='lat' dir='ltr'><strong>dormientem;</strong></span> <span class='ocrx_word' id='word_1_441' title='bbox 2158 2096 2287 2151; x_wconf 90' lang='lat' dir='ltr'><strong>ideo</strong></span> <span class='ocrx_word' id='word_1_442' title='bbox 2317 2096 2469 2153; x_wconf 89' lang='lat' dir='ltr'><strong>enim</strong></span> <span class='ocrx_word' id='word_1_443' title='bbox 2498 2099 2724 2173; x_wconf 86' lang='lat' dir='ltr'><strong>fluctus,</strong></span> 
     </span>
     <span class='ocr_line' id='line_1_81' title="bbox 1545 2162 2725 2240; baseline 0.008 -24"><span class='ocrx_word' id='word_1_444' title='bbox 1545 2165 1606 2216; x_wconf 92' lang='lat' dir='ltr'><strong>et</strong></span> <span class='ocrx_word' id='word_1_445' title='bbox 1649 2162 1800 2219; x_wconf 90' lang='lat' dir='ltr'><strong>mala</strong></span> <span class='ocrx_word' id='word_1_446' title='bbox 1842 2180 1944 2234; x_wconf 92' lang='lat' dir='ltr'><strong>pro</strong></span> <span class='ocrx_word' id='word_1_447' title='bbox 1988 2166 2151 2220; x_wconf 89' lang='lat' dir='ltr'><strong>malis</strong></span> <span class='ocrx_word' id='word_1_448' title='bbox 2187 2165 2428 2223; x_wconf 89' lang='lat' dir='ltr'><strong>reddere</strong></span> <span class='ocrx_word' id='word_1_449' title='bbox 2475 2184 2592 2239; x_wconf 85' lang='lat' dir='ltr'><strong>prae</strong></span> <span class='ocrx_word' id='word_1_450' title='bbox 2622 2186 2725 2240; x_wconf 91' lang='lat' dir='ltr'><strong>pa-</strong></span> 
     </span>
     <span class='ocr_line' id='line_1_82' title="bbox 1543 2235 2723 2305; baseline 0.008 -18"><span class='ocrx_word' id='word_1_451' title='bbox 1543 2247 1658 2302; x_wconf 80' lang='lat' dir='ltr'><strong>raS,</strong></span> <span class='ocrx_word' id='word_1_452' title='bbox 1689 2235 1826 2305; x_wconf 88' lang='lat' dir='ltr'><strong>quia</strong></span> <span class='ocrx_word' id='word_1_453' title='bbox 1851 2235 2111 2292; x_wconf 86' lang='lat' dir='ltr'><strong>Christus</strong></span> <span class='ocrx_word' id='word_1_454' title='bbox 2137 2236 2348 2292; x_wconf 87' lang='lat' dir='ltr'><strong>dormit</strong></span> <span class='ocrx_word' id='word_1_455' title='bbox 2374 2237 2433 2294; x_wconf 87' lang='lat' dir='ltr'><strong>in</strong></span> <span class='ocrx_word' id='word_1_456' title='bbox 2458 2238 2613 2296; x_wconf 89' lang='lat' dir='ltr'><strong>navi.</strong></span> <span class='ocrx_word' id='word_1_457' title='bbox 2658 2242 2723 2297; x_wconf 91' lang='lat' dir='ltr'><strong>In</strong></span> 
     </span>
     <span class='ocr_line' id='line_1_83' title="bbox 1545 2304 2726 2378; baseline 0.01 -21"><span class='ocrx_word' id='word_1_458' title='bbox 1545 2304 1718 2359; x_wconf 90' lang='lat' dir='ltr'><strong>corde</strong></span> <span class='ocrx_word' id='word_1_459' title='bbox 1743 2305 1896 2362; x_wconf 90' lang='lat' dir='ltr'><strong>enim</strong></span> <span class='ocrx_word' id='word_1_460' title='bbox 1928 2312 2026 2363; x_wconf 90' lang='lat' dir='ltr'><strong>tuo</strong></span> <span class='ocrx_word' id='word_1_461' title='bbox 2051 2323 2281 2364; x_wconf 89' lang='lat' dir='ltr'><strong>somnus</strong></span> <span class='ocrx_word' id='word_1_462' title='bbox 2314 2308 2540 2378; x_wconf 89' lang='lat' dir='ltr'><strong>Christi,</strong></span> <span class='ocrx_word' id='word_1_463' title='bbox 2573 2312 2726 2369; x_wconf 92' lang='lat' dir='ltr'><strong>obli-</strong></span> 
     </span>
     <span class='ocr_line' id='line_1_84' title="bbox 1543 2374 2722 2454; baseline 0.011 -26"><span class='ocrx_word' id='word_1_464' title='bbox 1543 2374 1638 2430; x_wconf 88' lang='lat' dir='ltr'><strong>vio</strong></span> <span class='ocrx_word' id='word_1_465' title='bbox 1684 2374 1855 2446; x_wconf 85' lang='lat' dir='ltr'><strong>fidei;</strong></span> <span class='ocrx_word' id='word_1_466' title='bbox 1892 2393 2024 2434; x_wconf 92' lang='lat' dir='ltr'><strong>nam</strong></span> <span class='ocrx_word' id='word_1_467' title='bbox 2072 2379 2118 2434; x_wconf 91' lang='lat' dir='ltr'><strong>si</strong></span> <span class='ocrx_word' id='word_1_468' title='bbox 2166 2380 2371 2438; x_wconf 85' lang='lat' dir='ltr'><strong>excites</strong></span> <span class='ocrx_word' id='word_1_469' title='bbox 2412 2382 2722 2454; x_wconf 89' lang='lat' dir='ltr'><strong>Christum,</strong></span> 
     </span>
     <span class='ocr_line' id='line_1_85' title="bbox 1544 2445 2725 2524; baseline 0.01 -25"><span class='ocrx_word' id='word_1_470' title='bbox 1544 2445 1604 2500; x_wconf 89' lang='lat' dir='ltr'><strong>id</strong></span> <span class='ocrx_word' id='word_1_471' title='bbox 1633 2449 1718 2501; x_wconf 88' lang='lat' dir='ltr'><strong>est</strong></span> <span class='ocrx_word' id='word_1_472' title='bbox 1761 2448 1975 2505; x_wconf 87' lang='lat' dir='ltr'><strong>recolas</strong></span> <span class='ocrx_word' id='word_1_473' title='bbox 2020 2449 2213 2521; x_wconf 86' lang='lat' dir='ltr'><strong>fidem,</strong></span> <span class='ocrx_word' id='word_1_474' title='bbox 2263 2452 2398 2524; x_wconf 93' lang='lat' dir='ltr'><strong>quid</strong></span> <span class='ocrx_word' id='word_1_475' title='bbox 2433 2452 2540 2510; x_wconf 90' lang='lat' dir='ltr'><strong>tibi</strong></span> <span class='ocrx_word' id='word_1_476' title='bbox 2586 2455 2725 2511; x_wconf 88' lang='lat' dir='ltr'><strong>dicit</strong></span> 
     </span>
     <span class='ocr_line' id='line_1_86' title="bbox 1542 2519 2726 2592; baseline 0.01 -21"><span class='ocrx_word' id='word_1_477' title='bbox 1542 2519 1835 2588; x_wconf 89' lang='lat' dir='ltr'><strong>tamquam</strong></span> <span class='ocrx_word' id='word_1_478' title='bbox 1868 2521 2108 2592; x_wconf 89' lang='lat' dir='ltr'><strong>vigilans</strong></span> <span class='ocrx_word' id='word_1_479' title='bbox 2154 2523 2409 2581; x_wconf 89' lang='lat' dir='ltr'><strong>Christus</strong></span> <span class='ocrx_word' id='word_1_480' title='bbox 2453 2526 2512 2581; x_wconf 91' lang='lat' dir='ltr'><strong>in</strong></span> <span class='ocrx_word' id='word_1_481' title='bbox 2551 2527 2726 2585; x_wconf 90' lang='lat' dir='ltr'><strong>corde</strong></span> 
     </span>
     <span class='ocr_line' id='line_1_87' title="bbox 1541 2585 2725 2665; baseline 0.008 -22"><span class='ocrx_word' id='word_1_482' title='bbox 1541 2592 1642 2643; x_wconf 89' lang='lat' dir='ltr'><strong>tuo</strong></span> <span class='ocrx_word' id='word_1_483' title='bbox 1666 2585 1694 2646; x_wconf 79' lang='lat'><strong>⁴?</strong></span> <span class='ocrx_word' id='word_1_484' title='bbox 1722 2590 1838 2662; x_wconf 90' lang='lat' dir='ltr'><strong>Ego</strong></span> <span class='ocrx_word' id='word_1_485' title='bbox 1885 2592 2116 2649; x_wconf 87' lang='lat' dir='ltr'><strong>audivi:</strong></span> <span class='ocrx_word' id='word_1_486' title='bbox 2151 2597 2490 2651; x_wconf 80' lang='lat' dir='ltr'><strong>Daemonium</strong></span> <span class='ocrx_word' id='word_1_487' title='bbox 2534 2598 2725 2665; x_wconf 81' lang='lat' dir='ltr'><strong>habes,</strong></span> 
     </span>
     <span class='ocr_line' id='line_1_88' title="bbox 1544 2660 2728 2740; baseline 0.009 -26"><span class='ocrx_word' id='word_1_488' title='bbox 1544 2665 1604 2715; x_wconf 91' lang='lat' dir='ltr'><strong>et</strong></span> <span class='ocrx_word' id='word_1_489' title='bbox 1636 2675 1738 2740; x_wconf 89' lang='lat' dir='ltr'><strong>pro</strong></span> <span class='ocrx_word' id='word_1_490' title='bbox 1781 2660 1864 2717; x_wconf 89' lang='lat' dir='ltr'><strong>eis</strong></span> <span class='ocrx_word' id='word_1_491' title='bbox 1912 2664 2110 2735; x_wconf 90' lang='lat' dir='ltr'><strong>oravi;</strong></span> <span class='ocrx_word' id='word_1_492' title='bbox 2162 2666 2322 2721; x_wconf 90' lang='lat' dir='ltr'><strong>audit</strong></span> <span class='ocrx_word' id='word_1_493' title='bbox 2359 2667 2632 2724; x_wconf 91' lang='lat' dir='ltr'><strong>Dominus</strong></span> <span class='ocrx_word' id='word_1_494' title='bbox 2668 2672 2728 2725; x_wconf 88' lang='lat' dir='ltr'><strong>et</strong></span> 
     </span>
     <span class='ocr_line' id='line_1_89' title="bbox 1540 2733 2720 2811; baseline 0.007 -24"><span class='ocrx_word' id='word_1_495' title='bbox 1540 2734 1775 2802; x_wconf 81' lang='lat' dir='ltr'><strong>patitur,</strong></span> <span class='ocrx_word' id='word_1_496' title='bbox 1824 2733 1989 2789; x_wconf 90' lang='lat' dir='ltr'><strong>audit</strong></span> <span class='ocrx_word' id='word_1_497' title='bbox 2028 2750 2222 2792; x_wconf 88' lang='lat' dir='ltr'><strong>servus</strong></span> <span class='ocrx_word' id='word_1_498' title='bbox 2254 2741 2313 2792; x_wconf 90' lang='lat' dir='ltr'><strong>et</strong></span> <span class='ocrx_word' id='word_1_499' title='bbox 2343 2737 2720 2811; x_wconf 86' lang='lat' dir='ltr'><strong>indignatur;</strong></span> 
     </span>
     <span class='ocr_line' id='line_1_90' title="bbox 1539 2800 2723 2880; baseline 0.007 -24"><span class='ocrx_word' id='word_1_500' title='bbox 1539 2802 1640 2856; x_wconf 87' lang='lat' dir='ltr'><strong>sed</strong></span> <span class='ocrx_word' id='word_1_501' title='bbox 1670 2800 1980 2860; x_wconf 87' lang='lat' dir='ltr'><strong>vindictam</strong></span> <span class='ocrx_word' id='word_1_502' title='bbox 2009 2805 2129 2863; x_wconf 84' lang='lat' dir='ltr'><strong>vis:</strong></span> <span class='ocrx_word' id='word_1_503' title='bbox 2182 2808 2318 2878; x_wconf 90' lang='lat' dir='ltr'><strong>quid</strong></span> <span class='ocrx_word' id='word_1_504' title='bbox 2357 2810 2512 2865; x_wconf 90' lang='lat' dir='ltr'><strong>enim</strong></span> <span class='ocrx_word' id='word_1_505' title='bbox 2538 2809 2567 2867; x_wconf 84' lang='lat'><strong>?</strong></span> <span class='ocrx_word' id='word_1_506' title='bbox 2604 2811 2723 2880; x_wconf 87' lang='lat' dir='ltr'><strong>Ego</strong></span> 
     </span>
     <span class='ocr_line' id='line_1_91' title="bbox 1543 2871 2726 2945; baseline 0.008 -20"><span class='ocrx_word' id='word_1_507' title='bbox 1543 2871 1658 2926; x_wconf 85' lang='lat' dir='ltr'><strong>&#39;am</strong></span> <span class='ocrx_word' id='word_1_508' title='bbox 1706 2886 1832 2928; x_wconf 89' lang='lat' dir='ltr'><strong>sum</strong></span> <span class='ocrx_word' id='word_1_509' title='bbox 1875 2875 2216 2945; x_wconf 80' lang='lat' dir='ltr'><strong>vindicatuS,</strong></span> <span class='ocrx_word' id='word_1_510' title='bbox 2269 2893 2397 2933; x_wconf 88' lang='lat' dir='ltr'><strong>cum</strong></span> <span class='ocrx_word' id='word_1_511' title='bbox 2439 2878 2547 2934; x_wconf 86' lang='lat' dir='ltr'><strong>tibi</strong></span> <span class='ocrx_word' id='word_1_512' title='bbox 2601 2879 2726 2934; x_wconf 83' lang='lat' dir='ltr'><strong>haec</strong></span> 
     </span>
     <span class='ocr_line' id='line_1_92' title="bbox 1533 2888 2726 3017; baseline 0.006 -21"><span class='ocrx_word' id='word_1_513' title='bbox 1533 2888 1795 3012; x_wconf 59' lang='lat' dir='ltr'><strong>{oquitur</strong></span> <span class='ocrx_word' id='word_1_514' title='bbox 1861 2942 2007 2998; x_wconf 86' lang='lat' dir='ltr'><strong>fides</strong></span> <span class='ocrx_word' id='word_1_515' title='bbox 2070 2952 2191 3013; x_wconf 87' lang='lat' dir='ltr'><strong>tua,</strong></span> <span class='ocrx_word' id='word_1_516' title='bbox 2256 2946 2417 3017; x_wconf 87' lang='lat' dir='ltr'><strong>quasi</strong></span> <span class='ocrx_word' id='word_1_517' title='bbox 2481 2947 2726 3016; x_wconf 88' lang='lat' dir='ltr'><strong>imperat</strong></span> 
     </span>
     <span class='ocr_line' id='line_1_93' title="bbox 1542 3011 2724 3087; baseline 0.005 -20"><span class='ocrx_word' id='word_1_518' title='bbox 1542 3011 1725 3067; x_wconf 88' lang='lat' dir='ltr'><strong>ventis</strong></span> <span class='ocrx_word' id='word_1_519' title='bbox 1768 3016 1824 3066; x_wconf 87' lang='lat' dir='ltr'><strong>et</strong></span> <span class='ocrx_word' id='word_1_520' title='bbox 1869 3012 2154 3079; x_wconf 80' lang='lat' dir='ltr'><strong>fluctibuS,</strong></span> <span class='ocrx_word' id='word_1_521' title='bbox 2205 3021 2263 3069; x_wconf 89' lang='lat' dir='ltr'><strong>et</strong></span> <span class='ocrx_word' id='word_1_522' title='bbox 2296 3016 2361 3070; x_wconf 81' lang='lat' dir='ltr'><strong>fit</strong></span> <span class='ocrx_word' id='word_1_523' title='bbox 2396 3015 2724 3087; x_wconf 87' lang='lat' dir='ltr'><strong>tranquilli·</strong></span> 
     </span>
     <span class='ocr_line' id='line_1_94' title="bbox 1538 3081 2724 3150; baseline 0.006 -12"><span class='ocrx_word' id='word_1_524' title='bbox 1538 3087 1658 3139; x_wconf 85' lang='lat' dir='ltr'><strong>tas:</strong></span> <span class='ocrx_word' id='word_1_525' title='bbox 1692 3100 1721 3134; x_wconf 87' lang='lat'>»</span> <span class='ocrx_word' id='word_1_526' title='bbox 1750 3081 1874 3137; x_wconf 85' lang='lat' dir='ltr'><strong>haec</strong></span> <span class='ocrx_word' id='word_1_527' title='bbox 1893 3082 2263 3150; x_wconf 62' lang='lat' dir='ltr'><strong>Augustinus.</strong></span> <span class='ocrx_word' id='word_1_528' title='bbox 2281 3086 2351 3141; x_wconf 90' lang='lat' dir='ltr'><strong>Et</strong></span> <span class='ocrx_word' id='word_1_529' title='bbox 2371 3085 2634 3143; x_wconf 82' lang='lat' dir='ltr'><strong>similiter</strong></span> <span class='ocrx_word' id='word_1_530' title='bbox 2653 3088 2724 3148; x_wconf 91' lang='lat' dir='ltr'><strong>de</strong></span> 
     </span>
     <span class='ocr_line' id='line_1_95' title="bbox 1540 3152 2721 3234; baseline 0.008 -25"><span class='ocrx_word' id='word_1_531' title='bbox 1540 3152 1667 3209; x_wconf 87' lang='lat' dir='ltr'><strong>aliis</strong></span> <span class='ocrx_word' id='word_1_532' title='bbox 1703 3168 1832 3224; x_wconf 84' lang='lat' dir='ltr'><strong>quae</strong></span> <span class='ocrx_word' id='word_1_533' title='bbox 1877 3169 1980 3211; x_wconf 90' lang='lat' dir='ltr'><strong>nos</strong></span> <span class='ocrx_word' id='word_1_534' title='bbox 2023 3160 2247 3212; x_wconf 87' lang='lat' dir='ltr'><strong>tentant</strong></span> <span class='ocrx_word' id='word_1_535' title='bbox 2292 3156 2382 3214; x_wconf 87' lang='lat' dir='ltr'><strong>vel</strong></span> <span class='ocrx_word' id='word_1_536' title='bbox 2422 3157 2721 3234; x_wconf 83' lang='lat' dir='ltr'><strong>tribulant,</strong></span> 
     </span>
     <span class='ocr_line' id='line_1_96' title="bbox 1542 3224 2721 3303; baseline 0.009 -24"><span class='ocrx_word' id='word_1_537' title='bbox 1542 3224 1827 3297; x_wconf 86' lang='lat' dir='ltr'><strong>intelligas</strong></span> <span class='ocrx_word' id='word_1_538' title='bbox 1850 3241 1953 3282; x_wconf 90' lang='lat' dir='ltr'><strong>suo</strong></span> <span class='ocrx_word' id='word_1_539' title='bbox 1985 3227 2174 3297; x_wconf 92' lang='lat' dir='ltr'><strong>mod0,</strong></span> <span class='ocrx_word' id='word_1_540' title='bbox 2204 3234 2263 3284; x_wconf 91' lang='lat' dir='ltr'><strong>ut</strong></span> <span class='ocrx_word' id='word_1_541' title='bbox 2283 3245 2350 3286; x_wconf 90' lang='lat' dir='ltr'><strong>ex</strong></span> <span class='ocrx_word' id='word_1_542' title='bbox 2374 3231 2532 3287; x_wconf 89' lang='lat' dir='ltr'><strong>omni</strong></span> <span class='ocrx_word' id='word_1_543' title='bbox 2559 3239 2721 3303; x_wconf 88' lang='lat' dir='ltr'><strong>parte</strong></span> 
     </span>
     <span class='ocr_line' id='line_1_97' title="bbox 1540 3295 2723 3375; baseline 0.008 -22"><span class='ocrx_word' id='word_1_544' title='bbox 1540 3295 1874 3353; x_wconf 85' lang='lat' dir='ltr'><strong>excludatur</strong></span> <span class='ocrx_word' id='word_1_545' title='bbox 1903 3298 2053 3354; x_wconf 88' lang='lat' dir='ltr'><strong>mala</strong></span> <span class='ocrx_word' id='word_1_546' title='bbox 2089 3302 2339 3357; x_wconf 90' lang='lat' dir='ltr'><strong>conditio</strong></span> <span class='ocrx_word' id='word_1_547' title='bbox 2367 3319 2383 3373; x_wconf 81' lang='lat'><em>3</em></span> <span class='ocrx_word' id='word_1_548' title='bbox 2412 3304 2547 3375; x_wconf 90' lang='lat' dir='ltr'><strong>quia</strong></span> <span class='ocrx_word' id='word_1_549' title='bbox 2575 3305 2723 3362; x_wconf 88' lang='lat' dir='ltr'><strong>sicut</strong></span> 
     </span>
     <span class='ocr_line' id='line_1_98' title="bbox 1541 3367 2723 3436; baseline 0.01 -12"><span class='ocrx_word' id='word_1_550' title='bbox 1541 3367 1830 3424; x_wconf 90' lang='lat' dir='ltr'><strong>modicum</strong></span> <span class='ocrx_word' id='word_1_551' title='bbox 1878 3369 2140 3427; x_wconf 87' lang='lat' dir='ltr'><strong>foramen</strong></span> <span class='ocrx_word' id='word_1_552' title='bbox 2193 3373 2434 3431; x_wconf 86' lang='lat' dir='ltr'><strong>existens</strong></span> <span class='ocrx_word' id='word_1_553' title='bbox 2483 3374 2544 3432; x_wconf 92' lang='lat' dir='ltr'><strong>in</strong></span> <span class='ocrx_word' id='word_1_554' title='bbox 2590 3377 2723 3436; x_wconf 87' lang='lat' dir='ltr'><strong>navi</strong></span> 
     </span>
     <span class='ocr_line' id='line_1_99' title="bbox 1539 3439 2719 3515; baseline 0.011 -22"><span class='ocrx_word' id='word_1_555' title='bbox 1539 3439 1705 3510; x_wconf 90' lang='lat' dir='ltr'><strong>ponit</strong></span> <span class='ocrx_word' id='word_1_556' title='bbox 1736 3454 1861 3496; x_wconf 90' lang='lat' dir='ltr'><strong>eam</strong></span> <span class='ocrx_word' id='word_1_557' title='bbox 1902 3440 1959 3497; x_wconf 90' lang='lat' dir='ltr'><strong>in</strong></span> <span class='ocrx_word' id='word_1_558' title='bbox 2004 3442 2275 3515; x_wconf 91' lang='lat' dir='ltr'><strong>periculo,</strong></span> <span class='ocrx_word' id='word_1_559' title='bbox 2308 3447 2420 3505; x_wconf 89' lang='lat' dir='ltr'><strong>nisi</strong></span> <span class='ocrx_word' id='word_1_560' title='bbox 2453 3447 2719 3505; x_wconf 89' lang='lat' dir='ltr'><strong>obstrua-</strong></span> 
     </span>
     <span class='ocr_line' id='line_1_100' title="bbox 1540 3510 2721 3587; baseline 0.008 -22"><span class='ocrx_word' id='word_1_561' title='bbox 1540 3514 1658 3579; x_wconf 85' lang='lat' dir='ltr'><strong>tur,</strong></span> <span class='ocrx_word' id='word_1_562' title='bbox 1701 3510 1784 3566; x_wconf 91' lang='lat' dir='ltr'><strong>sic</strong></span> <span class='ocrx_word' id='word_1_563' title='bbox 1824 3512 2014 3569; x_wconf 90' lang='lat' dir='ltr'><strong>anima</strong></span> <span class='ocrx_word' id='word_1_564' title='bbox 2044 3520 2131 3571; x_wconf 87' lang='lat' dir='ltr'><strong>est</strong></span> <span class='ocrx_word' id='word_1_565' title='bbox 2176 3516 2235 3570; x_wconf 91' lang='lat' dir='ltr'><strong>in</strong></span> <span class='ocrx_word' id='word_1_566' title='bbox 2280 3519 2531 3587; x_wconf 87' lang='lat' dir='ltr'><strong>periculo</strong></span> <span class='ocrx_word' id='word_1_567' title='bbox 2560 3519 2721 3574; x_wconf 90' lang='lat' dir='ltr'><strong>dam-</strong></span> 
     </span>
     <span class='ocr_line' id='line_1_101' title="bbox 1541 3582 2722 3654; baseline 0.007 -18"><span class='ocrx_word' id='word_1_568' title='bbox 1541 3582 1791 3637; x_wconf 89' lang='lat' dir='ltr'><strong>nationis</strong></span> <span class='ocrx_word' id='word_1_569' title='bbox 1841 3591 2073 3654; x_wconf 89' lang='lat' dir='ltr'><strong>proptcr</strong></span> <span class='ocrx_word' id='word_1_570' title='bbox 2111 3601 2284 3642; x_wconf 86' lang='lat' dir='ltr'><strong>unam</strong></span> <span class='ocrx_word' id='word_1_571' title='bbox 2329 3588 2541 3644; x_wconf 88' lang='lat' dir='ltr'><strong>malam</strong></span> <span class='ocrx_word' id='word_1_572' title='bbox 2579 3603 2722 3644; x_wconf 90' lang='lat' dir='ltr'><strong>con-</strong></span> 
     </span>
     <span class='ocr_line' id='line_1_102' title="bbox 1543 3653 2722 3728; baseline 0.004 -20"><span class='ocrx_word' id='word_1_573' title='bbox 1543 3653 1819 3708; x_wconf 87' lang='lat' dir='ltr'><strong>ditionem</strong></span> <span class='ocrx_word' id='word_1_574' title='bbox 1850 3695 1865 3723; x_wconf 90' lang='lat'><strong>,</strong></span> <span class='ocrx_word' id='word_1_575' title='bbox 1921 3656 2033 3710; x_wconf 89' lang='lat' dir='ltr'><strong>nisi</strong></span> <span class='ocrx_word' id='word_1_576' title='bbox 2080 3658 2432 3728; x_wconf 85' lang='lat' dir='ltr'><strong>excludatur,</strong></span> <span class='ocrx_word' id='word_1_577' title='bbox 2484 3662 2542 3713; x_wconf 88' lang='lat' dir='ltr'><strong>et</strong></span> <span class='ocrx_word' id='word_1_578' title='bbox 2592 3658 2722 3713; x_wconf 92' lang='lat' dir='ltr'><strong>ideo</strong></span> 
     </span>
     <span class='ocr_line' id='line_1_103' title="bbox 1542 3723 2722 3785; baseline 0.004 -6"><span class='ocrx_word' id='word_1_579' title='bbox 1542 3723 1752 3779; x_wconf 88' lang='lat' dir='ltr'><strong>dicitur</strong></span> <span class='ocrx_word' id='word_1_580' title='bbox 1780 3724 1840 3778; x_wconf 88' lang='lat' dir='ltr'><strong>iu</strong></span> <span class='ocrx_word' id='word_1_581' title='bbox 1870 3726 2227 3783; x_wconf 87' lang='lat' dir='ltr'><strong>Proverbiis:</strong></span> <span class='ocrx_word' id='word_1_582' title='bbox 2274 3728 2437 3785; x_wconf 84' lang='lat' dir='ltr'><strong>Omni</strong></span> <span class='ocrx_word' id='word_1_583' title='bbox 2470 3728 2722 3784; x_wconf 83' lang='lat' dir='ltr'><strong>custodia</strong></span> 
     </span>
     <span class='ocr_line' id='line_1_104' title="bbox 1539 3796 2718 3863; baseline 0.006 -14"><span class='ocrx_word' id='word_1_584' title='bbox 1539 3809 1702 3850; x_wconf 82' lang='lat' dir='ltr'><strong>serva</strong></span> <span class='ocrx_word' id='word_1_585' title='bbox 1732 3808 1824 3849; x_wconf 85' lang='lat' dir='ltr'><strong>cor</strong></span> <span class='ocrx_word' id='word_1_586' title='bbox 1853 3798 2046 3863; x_wconf 81' lang='lat' dir='ltr'><strong>tuum,·</strong></span> <span class='ocrx_word' id='word_1_587' title='bbox 2095 3803 2153 3852; x_wconf 87' lang='lat' dir='ltr'><strong>et</strong></span> <span class='ocrx_word' id='word_1_588' title='bbox 2183 3796 2242 3850; x_wconf 92' lang='lat' dir='ltr'><strong>in</strong></span> <span class='ocrx_word' id='word_1_589' title='bbox 2281 3797 2669 3853; x_wconf 85' lang='lat' dir='ltr'><strong>Ecclesiastico</strong></span> <span class='ocrx_word' id='word_1_590' title='bbox 2703 3816 2718 3856; x_wconf 89' lang='lat'>:</span> 
     </span>
     <span class='ocr_line' id='line_1_105' title="bbox 1541 3866 2721 3937; baseline 0.003 -15"><span class='ocrx_word' id='word_1_591' title='bbox 1541 3866 1675 3935; x_wconf 82' lang='lat' dir='ltr'><strong>Sepi</strong></span> <span class='ocrx_word' id='word_1_592' title='bbox 1725 3877 1887 3918; x_wconf 83' lang='lat' dir='ltr'><strong>aures</strong></span> <span class='ocrx_word' id='word_1_593' title='bbox 1929 3870 2053 3920; x_wconf 82' lang='lat' dir='ltr'><strong>tuas</strong></span> <span class='ocrx_word' id='word_1_594' title='bbox 2091 3868 2295 3936; x_wconf 82' lang='lat' dir='ltr'><strong>spinis,</strong></span> <span class='ocrx_word' id='word_1_595' title='bbox 2337 3871 2389 3922; x_wconf 88' lang='lat' dir='ltr'><strong>et</strong></span> <span class='ocrx_word' id='word_1_596' title='bbox 2424 3868 2511 3922; x_wconf 83' lang='lat' dir='ltr'><strong>ori</strong></span> <span class='ocrx_word' id='word_1_597' title='bbox 2544 3870 2721 3937; x_wconf 75' lang='lat' dir='ltr'><strong>facito</strong></span> 
     </span>
     <span class='ocr_line' id='line_1_106' title="bbox 1542 3937 2720 4008; baseline 0.003 -17"><span class='ocrx_word' id='word_1_598' title='bbox 1542 3937 1710 4003; x_wconf 84' lang='lat' dir='ltr'><strong>ostia,</strong></span> <span class='ocrx_word' id='word_1_599' title='bbox 1737 3937 1789 3987; x_wconf 84' lang='lat' dir='ltr'><strong>et</strong></span> <span class='ocrx_word' id='word_1_600' title='bbox 1817 3947 1969 3989; x_wconf 81' lang='lat' dir='ltr'><strong>seras</strong></span> <span class='ocrx_word' id='word_1_601' title='bbox 1994 3937 2245 3991; x_wconf 80' lang='lat' dir='ltr'><strong>auribus.</strong></span> <span class='ocrx_word' id='word_1_602' title='bbox 2276 3938 2455 4007; x_wconf 86' lang='lat' dir='ltr'><strong>Igitur</strong></span> <span class='ocrx_word' id='word_1_603' title='bbox 2490 3939 2720 4008; x_wconf 90' lang='lat' dir='ltr'><strong>quando</strong></span> 
     </span>
     <span class='ocr_line' id='line_1_107' title="bbox 1541 4004 2722 4077; baseline 0.005 -16"><span class='ocrx_word' id='word_1_604' title='bbox 1541 4004 1889 4062; x_wconf 85' lang='lat' dir='ltr'><strong>tribulamur</strong></span> <span class='ocrx_word' id='word_1_605' title='bbox 1955 4011 2012 4059; x_wconf 89' lang='lat' dir='ltr'><strong>et</strong></span> <span class='ocrx_word' id='word_1_606' title='bbox 2072 4010 2384 4077; x_wconf 86' lang='lat' dir='ltr'><strong>tentamur,</strong></span> <span class='ocrx_word' id='word_1_607' title='bbox 2453 4008 2722 4067; x_wconf 86' lang='lat' dir='ltr'><strong>debemus</strong></span> 
     </span>
     <span class='ocr_line' id='line_1_108' title="bbox 1541 4075 2717 4148; baseline 0.004 -15"><span class='ocrx_word' id='word_1_608' title='bbox 1541 4090 1664 4133; x_wconf 89' lang='lat' dir='ltr'><strong>esse</strong></span> <span class='ocrx_word' id='word_1_609' title='bbox 1692 4077 2012 4130; x_wconf 81' lang='lat' dir='ltr'><strong>constantes</strong></span> <span class='ocrx_word' id='word_1_610' title='bbox 2038 4076 2097 4130; x_wconf 92' lang='lat' dir='ltr'><strong>in</strong></span> <span class='ocrx_word' id='word_1_611' title='bbox 2129 4075 2261 4148; x_wconf 83' lang='lat' dir='ltr'><strong>fide,</strong></span> <span class='ocrx_word' id='word_1_612' title='bbox 2289 4084 2347 4134; x_wconf 89' lang='lat' dir='ltr'><strong>et</strong></span> <span class='ocrx_word' id='word_1_613' title='bbox 2376 4078 2516 4135; x_wconf 82' lang='lat' dir='ltr'><strong>nihil</strong></span> <span class='ocrx_word' id='word_1_614' title='bbox 2545 4081 2717 4138; x_wconf 84' lang='lat' dir='ltr'><strong>haesi-</strong></span> 
     </span>
     <span class='ocr_line' id='line_1_109' title="bbox 1540 4146 2723 4216; baseline 0.008 -13"><span class='ocrx_word' id='word_1_615' title='bbox 1540 4153 1688 4215; x_wconf 87' lang='lat' dir='ltr'><strong>tare,</strong></span> <span class='ocrx_word' id='word_1_616' title='bbox 1739 4146 1875 4216; x_wconf 83' lang='lat' dir='ltr'><strong>quia</strong></span> <span class='ocrx_word' id='word_1_617' title='bbox 1928 4146 2062 4203; x_wconf 90' lang='lat' dir='ltr'><strong>licet</strong></span> <span class='ocrx_word' id='word_1_618' title='bbox 2108 4147 2260 4205; x_wconf 86' lang='lat' dir='ltr'><strong>circa</strong></span> <span class='ocrx_word' id='word_1_619' title='bbox 2314 4165 2419 4206; x_wconf 90' lang='lat' dir='ltr'><strong>nos</strong></span> <span class='ocrx_word' id='word_1_620' title='bbox 2469 4156 2527 4208; x_wconf 90' lang='lat' dir='ltr'><strong>et</strong></span> <span class='ocrx_word' id='word_1_621' title='bbox 2571 4153 2723 4213; x_wconf 86' lang='lat' dir='ltr'><strong>facta</strong></span> 
     </span>
     <span class='ocr_line' id='line_1_110' title="bbox 1541 4217 2716 4299; baseline 0.007 -24"><span class='ocrx_word' id='word_1_622' title='bbox 1541 4227 1739 4275; x_wconf 85' lang='lat' dir='ltr'><strong>nostra</strong></span> <span class='ocrx_word' id='word_1_623' title='bbox 1794 4217 2066 4276; x_wconf 89' lang='lat' dir='ltr'><strong>Dominus</strong></span> <span class='ocrx_word' id='word_1_624' title='bbox 2119 4218 2381 4279; x_wconf 87' lang='lat' dir='ltr'><strong>videatur</strong></span> <span class='ocrx_word' id='word_1_625' title='bbox 2443 4222 2716 4299; x_wconf 87' lang='lat' dir='ltr'><strong>dormire,</strong></span> 
     </span>
     <span class='ocr_line' id='line_1_111' title="bbox 1542 4289 2721 4371; baseline 0.008 -25"><span class='ocrx_word' id='word_1_626' title='bbox 1542 4292 1664 4362; x_wconf 88' lang='lat' dir='ltr'><strong>ipse</strong></span> <span class='ocrx_word' id='word_1_627' title='bbox 1703 4295 1897 4348; x_wconf 86' lang='lat' dir='ltr'><strong>tamen</strong></span> <span class='ocrx_word' id='word_1_628' title='bbox 1929 4289 2390 4365; x_wconf 87' lang='lat' dir='ltr'><strong>diligentissimus</strong></span> <span class='ocrx_word' id='word_1_629' title='bbox 2433 4303 2516 4353; x_wconf 88' lang='lat' dir='ltr'><strong>est</strong></span> <span class='ocrx_word' id='word_1_630' title='bbox 2547 4312 2721 4371; x_wconf 89' lang='lat' dir='ltr'><strong>super</strong></span> 
     </span>
    </p>
   </div>
  </div>
 </body>
</html>
